5254 6186
2056 521 2121 608 11

226 743 321 840 sint,
354 771 431 822 non
465 746 587 822 minus
613 745 701 838 has,
739 769 848 842 quam
876 745 1051 829 classium
1076 746 1344 828 Serviannrran
1370 773 1533 824 summas
1560 749 1607 825 ad
1633 749 1749 827 Urbis
1774 763 1924 830 sextum
1950 760 2118 834 seculum

224 864 417 965 pertinere
444 857 612 964 conjicit,
647 863 817 960 antiquos
843 889 1020 939 numeros
1046 864 1325 966 quintaflparte,
1359 868 1459 960 quod
1486 893 1600 984 qupra
1625 871 2014 965 commemorarimus,
2048 875 2119 950 mi-

224 1004 339 1057 nores
366 983 485 1056 fuisse
507 981 637 1056 credit.
666 977 736 1056 ‘lta
756 1006 820 1057 aes
848 991 1023 1078 equestre
1051 982 1099 1056 ad
1124 983 1199 1056 duo
1225 982 1343 1058 millia
1369 984 1479 1076 aeris,
1506 1010 1570 1061 aes
1596 985 1836 1062 hordearium
1862 989 1907 1062 ad
1938 991 2116 1085 quadrin-

225 1109 360 1197 gentos
395 1124 498 1174 asses
531 1097 726 1197 redigitur.
780 1099 932 1174 Catonis
966 1098 1217 1197 fragmentum
1250 1095 1332 1197 ejus
1359 1101 1558 1193 orationis,
1593 1126 1667 1198 qua
1691 1103 1809 1178 suasit
1833 1102 1874 1178 in
1900 1117 2050 1200 senatu,
2074 1119 2119 1184 ut
2164 1159 2166 1166 -

226 1215 336 1315 plura
361 1240 447 1290 aera
474 1207 663 1310 equestria
688 1217 843 1308 fierent,
877 1217 926 1292 de
953 1225 1061 1290 aucto
1089 1239 1237 1308 eornm,
1277 1217 1342 1312 qui
1367 1243 1455 1292 aera
1482 1219 1672 1314 equestria
1698 1221 1928 1323 acciperent,
1962 1247 2118 1300 numero

225 1331 513 1431 intelligendum·
546 1359 631 1410 esse
659 1333 828 1426 videtur3
846 1332 895 1434 50)
928 1332 1112 1408 Varronis
1138 1343 1263 1408 autern
1288 1337 1425 1410 verber
1458 1333 1659 1430 „equitum
1684 1338 1874 1436 publicum
1900 1365 1986 1415 esse
2014 1341 2117 1416 mille

224 1450 474 1526 assariorum“
501 1475 576 1527 non
603 1453 650 1526 ad
677 1476 741 1526 aes
767 1461 962 1546 equestre,
990 1450 1091 1545 quod
1116 1451 1233 1524 multo
1250 1451 1380 1549 -maj11s
1407 1463 1507 1543 erat,
1535 1452 1604 1526 sed
1630 1455 1677 1528 ad
1702 1479 1766 1529 aes
1792 1456 2029 1532 hordeacium
2055 1485 2118 1534 re-

224 1565 384 1646 ferenda
407 1579 512 1661 sunt,
548 1567 654 1670 cujus
680 1567 836 1644 dimidia
858 1593 947 1669 pars
973 1591 1070 1662 equo
1097 1567 1251 1660 alendo,
1285 1569 1553 1645 alternantem
1581 1595 1692 1646 servo
1718 1571 1903 1647 destinata
1927 1573 2010 1648 fuit.
2029 1573 2078 1674 ⁸¹)

391 1686 577 1785 Superest
608 1711 683 1762 una
716 1709 834 1781 caque
867 1684 1091 1760 difficillima
1124 1684 1305 1779 quaestio.
1325 1686 1374 1787 ⁵2)
1426 1685 1527 1781 Equi
1560 1687 1659 1763 enim
1693 1687 1749 1763 illi
1783 1699 1890 1764 erant
1921 1691 2115 1766 militares.

224 1800 350 1900 Quum
377 1812 501 1878 antem
526 1804 754 1902 legionarios
781 1801 919 1876 milites
944 1826 1020 1876 nan
1047 1800 1208 1892 diutius,
1242 1825 1351 1898 quam
1378 1803 1426 1876 ad
1452 1827 1589 1879 annum
1614 1806 1940 1906 quadragesimum
1965 1817 2117 1883 sexmm

223 1917 307 1994 sive
342 1930 536 2020 coeptum,
570 1920 654 1994 sire
680 1921 835 2019 plenum
852 1917 900 2018 ⁵³)
927 1928 1074 1994 constet
1098 1918 1297 2010 militasse,
1332 1919 1431 1995 intra
1457 1921 1559 2014 quod
1584 1922 1745 2022 spatium
1773 1924 1902 1999 decem
1929 1925 2117 2025 stipendia

223 2035 328 2134 exigi
354 2046 547 2136 poterant,
566 2033 616 2134 ⁶⁴)
651 2059 717 2110 cnr
750 2045 874 2110 autem
900 2035 1046 2128 equites
1072 2035 1128 2112 illi
1155 2037 1294 2112 diutins
1320 2036 1541 2128 militarent,
1576 2039 1781 2137 excogitari
1808 2065 1939 2116 caussa
1965 2041 2115 2115 omnino

224 2163 404 2247 nequeat,
439 2153 651 2248 quaeritur,
684 2161 809 2228 utrum
841 2150 888 2244 ii,
921 2152 986 2250 qni
1019 2152 1186 2252 legitima
1218 2152 1407 2252 stipendia
1439 2176 1537 2249 equo
1571 2155 1721 2254 publico
1748 2157 2017 2248 coniecissent,
2053 2184 2115 2233 re-

224 2269 405 2345 tinuerint
439 2294 575 2367 equum
601 2280 639 2343 et
665 2269 704 2344 in
731 2269 909 2346 centuriis
936 2269 1158 2361 manserint,
1192 2295 1239 2344 an
1264 2271 1413 2346 reddito
1439 2294 1537 2367 equo
1563 2269 1745 2344 desierint
1769 2272 1808 2346 in
1835 2274 2000 2368 equitum
2027 2299 2116 2350 cen·

223 2385 333 2460 turiis
360 2412 457 2462 esse.
508 2388 565 2461 Ac'
589 2409 798 2482 quanquam
832 2385 890 2460 rei
923 2395 1077 2460 natiuae
1112 2395 1194 2460 erat
1220 2388 1551 2478 accommodatius,
1586 2413 1674 2463 aera
1700 2389 1889 2481 equestria
1913 2392 2028 2465 tribui
2054 2391 2114 2482 iis,

224 2504 290 2598 qui
314 2505 535 2595 militarent,
569 2527 679 2599 quam
703 2504 772 2596 iis,
806 2500 870 2597 qui
896 2499 1095 2600 stipendiis
1121 2503 1301 2577 absolutis
1327 2525 1463 2597 equum
1488 2505 1679 2603 publicum
1705 2504 1845 2580 frustra
1871 2508 2032 2599 alerent,
2057 2515 2115 2580 ta·-

224 2645 311 2697 mea
337 2633 376 2696 et
400 2620 495 2694 illud
519 2647 595 2696 non
621 2629 681 2695 ert
705 2617 1097 2720 praetermittendum,
1130 2641 1206 2692 non
1231 2643 1322 2694 usus
1349 2621 1488 2711 solum,
1523 2621 1729 2696 sedetiam
1754 2622 1909 2698 honoris
1935 2623 1975 2698 in
2000 2649 2045 2698 ea
2071 2647 2113 2696 re

222 2737 405 2813 rationem
431 2737 594 2813 habitam
620 2735 807 2835 esse.‹⁵⁴')
860 2736 972 2810 Certe
993 2729 1074 2832 jam
1099 2733 1163 2808 diu
1190 2737 1276 2829 equi
1301 2737 1442 2835 publici
1467 2739 1593 2813 nullus
1618 2761 1710 2812 usus
1736 2749 1828 2832 erat,
1857 2723 1970 2834 quum
1994 2740 2139 2815 bonor·

223 2851 307 2952 ejus
335 2853 526 2930 etiamtum
551 2855 675 2952 magni
701 2852 981 2944 aestimaretur,
1016 2851 1065 2925 de
1098 2873 1173 2946 qua
1205 2875 1248 2926 re
1281 2854 1355 2928 alio
1389 2855 1473 2928 loco
1508 2854 1706 2928 dicendum
1729 2865 1800 2931 'est
1832 2857 2002 2958 amplius.
2063 2858 2115 2930 Et
2181 2903 2187 2913 ‚

223 2968 363 3046 milites
390 2972 541 3066 quidem
567 2997 663 3047 anno
691 2969 975 3068 quadragesimo
1010 2976 1119 3042 sexto
1153 2994 1175 3042 e
1210 2969 1387 3045 centuriis
1416 2967 1609 3069 juniorum
1642 2970 1681 3046 in
1713 2973 1897 3047 centurias
1924 2973 2113 3047 seniorum

223 3088 459 3189 transscripti
492 3099 535 3163 ut
567 3089 668 3183 quod
700 3087 902 3162 discrimen
934 3103 1050 3180 quum·
1081 3083 1180 3160 inter
1198 3086 1359 3180 equites
1393 3111 1468 3162 non
1502 3098 1624 3179 esset,
1659 3113 1815 3163 necesse
1849 3099 1949 3178 erat,
1983 3099 2025 3162 ut
2050 3099 2114 3163 aut

222 3205 264 3279 in
291 3203 457 3300 equitum
483 3206 663 3281 centuriis
689 3211 1018 3294 consenescerent,
1051 3210 1115 3276 aut
1140 3201 1179 3276 in
1206 3203 1392 3277 centurias
1419 3202 1563 3302 primae
1590 3202 1721 3278 classis
1747 3204 2114 3280 transscriberentur.

224 3321 338 3421 Quod
370 3346 579 3418 quanquam
605 3321 837 3398 Gracchanis
870 3320 954 3394 iere
988 3318 1220 3418 temporibus
1252 3318 1290 3392 in
1323 3340 1397 3392 usu
1431 3343 1517 3392 csse
1544 3318 1687 3417 coepit,
1720 3330 1845 3396 tamen
1871 3321 2115 3396 antecedente

224 3446 346 3516 aetate
373 3448 567 3516 senatores
592 3437 633 3512 in
659 3436 837 3516 centuriis
865 3433 1033 3531 equitum
1059 3435 1197 3526 fuisse,
1237 3432 1431 3508 Ciceronis
1458 3436 1542 3507 loco
1570 3436 1767 3534 probatum
1794 3446 1862 3510 est.

390 3555 435 3629 Si
467 3579 559 3629 vero
592 3563 718 3628 tantus
745 3553 866 3628 honor
891 3550 980 3647 equi
1004 3549 1146 3652 publici
1172 3550 1262 3640 suit,
1296 3560 1338 3624 ut
1363 3575 1411 3625 ne
1438 3547 1580 3648 majore
1617 3550 1768 3645 quidem
1801 3551 1979 3628 senatorii
2012 3552 2114 3628 ordi-

222 3673 282 3750 nis
310 3671 490 3772 dignitate
516 3673 734 3762 tolleretur,
761 3670 923 3746 eundem
948 3667 982 3742 ei
1007 3666 1126 3740 multo
1152 3665 1270 3766 magis
1297 3692 1318 3741 a
1344 3667 1480 3742 ceteris
1506 3676 1693 3742 retentum
1721 3664 1897 3766 conjicio,
1924 3694 1998 3746 non
2024 3694 2114 3768 pro-

223 3792 285 3862 cul
319 3789 454 3862 videor
488 3811 509 3860 a
542 3810 636 3860 vero
671 3788 877 3860 aberrasse.
943 3783 997 3859 Ut
1022 3782 1138 3884 igitur
1162 3783 1203 3858 in
1227 3807 1298 3857 sex
1332 3782 1542 3882 suffragiis,
1583 3783 1766 3857 Serviano
1800 3785 1971 3858 instituto
2004 3785 2115 3884 longe

224 3902 516 3997 antiquioribus,
549 3923 625 3980 non
657 3902 984 4002 distinguebantur
1006 3897 1181 3998 juniores
1208 3907 1247 3972 et
1272 3899 1453 3992 seniores,
1481 3899 1536 3974 sic
1562 3899 1673 3973 etiam
1699 3897 1738 3972 in
1764 3899 1960 3974 duodecim
1987 3912 2116 3978 centu-

220 4017 291 4096 riis
317 4017 411 4095 illud
437 4019 610 4096 classium
638 4018 838 4094 discrimen
863 4041 939 4092 non
966 4025 1065 4090 erata
1086 4013 1135 4114 ³⁵)
1160 4014 1201 4089 in
1228 4039 1301 4112 quo
1328 4016 1423 4092 illud
1448 4025 1572 4092 tamen
1598 4015 1801 4093 tenendum
1825 4027 1895 4108 est,
1920 4019 2021 4112 quod
2036 4014 2116 4116 jem

222 4134 453 4211 Niebubrius
472 4137 520 4238 ⁵¹³)
545 4137 702 4242 monuit,
728 4160 804 4212 non
830 4133 988 4210 eandem
1014 4130 1134 4206 fuisse
1160 4141 1364 4206 turmarum
1392 4132 1716 4228 centuriarumque
1742 4132 1877 4232 legem.

223 4490 262 4557 ⁸⁰)
282 4487 415 4541 Priscian.
435 4483 499 4550 Vll,
520 4485 554 4548 Β,
572 4501 599 4605 p
618 4486 680 4540 317.
716 4483 785 4538 Galo
803 4481 831 4534 in
849 4482 987 4546 oratione,
1007 4499 1060 4552 «qna
1077 4497 1138 4536 sna·
1206 4481 1242 4552 Μ)
1261 4497 1287 4533 r.
1311 4477 1420 4533 Biirkb.
1447 4481 1464 4534 l.
1487 4481 1504 4534 l.
1531 4477 1615 4533 Aliter
1642 4481 1760 4534 sentiunt
1782 4481 1890 4536 Walter
1915 4480 1933 4534 l.
1956 4480 1975 4534 l.
2000 4498 2026 4550 p.
2055 4481 2114 4534 las.

259 4558 294 4610 sit
318 4558 344 4609 in
370 4561 481 4618 senatu,
509 4561 539 4606 ut
558 4569 635 4622 pura
653 4553 871 4636 ueraequestrin
888 4551 1001 4604 tierent:
1037 4549 1138 4636 lintre
1240 4549 1369 4604 llrtsclrke
1386 4550 1402 4602 Ι.
1422 4550 1485 4674 lhp.
1504 4551 1563 4634 diiii.

259 4621 1006 4747 tttttllititt?'it{{..¹t2¹¹.¹.t¹’.¹¹.².t¹¹..⁰
1026 4637 1139 4742 tlt?
1207 4623 1230 4726 :3
1262 4617 1431 4743 toltit
1450 4619 1563 4758 ,iiii
1576 4617 1728 4740 bibet·

259 4763 391 4815 atrium.
423 4763 512 4821 Quem
532 4764 620 4818 lacurn
637 4768 703 4848 post
718 4759 848 4813 Gronovil
867 4757 1029 4811 loculentam
1047 4758 1137 4829 dupu-
1207 4761 1242 4830 Η)
1261 4757 1359 4828 Polyb.
1378 4761 1411 4842 d,
1437 4761 1481 4824 ΙΙΙ,
1500 4762 1525 4814 Ι.
1545 4757 1617 4812 l‘lut.
1638 4757 1667 4811 C.
1688 4756 1804 4814 Graccb.
1821 4758 1847 4816 2.
1865 4755 1926 4810 Liv,
1945 4757 1996 4820 27,
2017 4757 2057 4812 ΙΙ.

260 4833 391 4884 tadonem
410 4832 458 4896 (de
476 4850 535 4902 pec.
554 4841 608 4887 vet.
627 4830 673 4885 lrb.
693 4829 744 4894 ΙΙΙ,
763 4845 786 4881 c.
805 4831 837 4894 2,
857 4845 883 4898 p.
901 4831 961 4884 273.
981 4829 1052 4896 sqq.)
1072 4843 1138 4881 non·
1207 4829 1269 4898 Μ)
1286 4827 1439 4882 lluscblsros
1457 4829 1475 4882 l.
1494 4829 1511 4880 l.
1531 4847 1556 4898 p.
1576 4827 1636 4882 osa.

261 4901 324 4954 dnm
352 4899 481 4954 intellexit
507 4901 638 4973 Meyerus
662 4902 689 4956 in
712 4897 802 4954 Oratt.
821 4897 900 4951 Rom.
926 4899 1019 4970 fragm.
1044 4901 1137 4974 pffl,
1207 4901 1242 4968 ⁶⁸)
1262 4897 1336 4951 llaec
1356 4897 1436 4950 etlam
1454 4893 1596 4952 Niebultrii
1613 4897 1748 4950 sementia
1765 4902 1806 4947 est
1821 4892 1851 4960 l,
1877 4911 1904 4966 p.
1923 4893 1982 4952 ΙΙΙ).

261 4983 349 5043 nuper
366 4977 455 5026 autem
475 4973 569 5042 plancis
588 4971 731 5025 illustravit
749 4967 892 5024 Bdcklrius
910 4967 927 5020 Ι.
945 4967 964 5020 l.
983 4983 1009 5040 p.
1029 4971 1087 5025 las.
1207 4969 1241 5036 ⁸⁶)
1260 4965 1286 5034 Ι,
1302 4985 1330 5042 p.
1350 4969 1410 5023 nat.
1518 4987 1520 4991 ’
1955 5009 1959 5020 ,

1535 5049 1698 5122 ΝΩ,
