5254 6186
2009 567 2079 652 15

183 817 264 884 aut
293 805 510 904 equestri
537 775 705 881 ordine
731 801 945 904 regendo
972 825 1062 878 cura
1087 825 1129 878 se
1157 823 1355 876 censorum
1379 800 1601 903 tenuit“.¹¹)
1640 802 1700 877 De
1727 803 1858 880 eadem
1878 829 1921 879 re
1939 803 2076 880 Livius

186 923 249 1017 27,
280 923 339 1016 11,
368 925 448 999 lae
475 980 497 1016 „
506 923 551 998 ln
577 921 816 1018 equestribus
843 944 992 1015 quoquo
1019 915 1119 993 notis
1147 917 1277 991 eadam
1304 929 1454 992 ramata
1480 943 1622 995 caussa.
1650 963 1698 975 -
1726 963 1773 976 -·
1802 965 1850 978 -
1888 923 1969 998 lllis
1996 947 2078 997 orn-

183 1040 294 1116 nibus
322 1039 510 1140 (etmulti
536 1037 658 1137 erant)
685 1037 824 1114 ademti
852 1037 950 1131 equi,
980 1034 1045 1132 qui
1069 1033 1321 1108 Cannensium
1348 1035 1536 1134 legionum
1563 1037 1712 1133 equites
1738 1037 1778 1112 in
1804 1037 1935 1114 Sicilia
1961 1051 2076 1115 erant.
2148 1025 2150 1030 ⁵

183 1159 422 1234 Addiderunt
445 1155 639 1231 acerbitati
665 1156 777 1230 etiam
803 1163 972 1253 tempus,
1000 1177 1048 1226 ne
1074 1149 1279 1251 praeterita
1305 1150 1494 1250 stipendia
1519 1153 1771 1252 procederent
1795 1155 1861 1248 iis,
1889 1155 1954 1251 qui
1980 1180 2078 1252 equo

183 1274 335 1375 publico
368 1282 599 1363 meruerant,
642 1273 710 1346 sed
743 1273 840 1346 dena
871 1263 1059 1371 stipendia
1094 1265 1203 1363 equis
1237 1266 1396 1368 priuatis
1431 1268 1611 1346 lacerent.
1674 1271 1853 1374 Magnum
1879 1283 2078 1374 praeterea

182 1415 378 1466 numerum
404 1415 535 1466 eorum
564 1387 883 1483 conquisiverunt,
911 1387 975 1483 qui
1002 1409 1099 1481 equo
1125 1409 1271 1460 merere
1298 1385 1491 1460 deberent
1513 1386 1559 1486 11)

277 1559 283 1570 ·
346 1509 409 1583 Ex
436 1509 494 1584 bis
520 1505 615 1580 locis
641 1505 736 1581 illud
761 1517 864 1580 certe
890 1503 1131 1605 perspicitur,
1159 1511 1198 1576 et
1224 1501 1367 1602 duplex
1392 1501 1514 1578 suisne
1540 1504 1706 1598 equitum
1733 1529 1864 1606 genus,
1892 1517 1931 1581 et
1957 1507 2078 1580 multo

181 1619 361 1723 majorem
387 1647 584 1700 numerum
610 1647 760 1714 eorum,
793 1622 858 1719 qui
884 1645 986 1716 equo
1010 1619 1158 1721 privetu
1193 1618 1381 1718 stipendia
1407 1620 1588 1695 facerent
1641 1625 1782 1698 Contra
1808 1625 2011 1699 alterorum
2036 1620 2076 1696 iu

182 1740 327 1817 minore
354 1765 511 1818 numero
539 1740 799 1816 auctoritatem
826 1735 1007 1838 majorem
1033 1736 1152 1812 luisse
1187 1747 1226 1811 et
1251 1761 1313 1812 rea
1347 1736 1432 1836 ipsa
1465 1737 1578 1812 docet
1610 1747 1650 1812 et
1682 1751 1870 1816 testantur
1894 1737 2076 1814 historici.

181 1857 228 1935 L.
255 1859 362 1934 Acm.
387 1855 547 1934 Paullus
574 1858 767 1958 inpugna
793 1856 982 1931 Cannensi
1009 1865 1048 1930 et
1074 1853 1236 1928 occurrit
1261 1880 1376 1954 saepe
1404 1877 1487 1928 curn
1515 1853 1695 1930 confertis
1721 1857 1916 1948 Annibali,
1944 1863 1983 1930 ct
2008 1853 2077 1930 ali-

182 1987 274 2074 quot
305 1975 399 2052 locis
432 1977 619 2077 proelium
645 1972 831 2066 restituit,
870 1969 1156 2074 protegentibus
1191 1997 1276 2048 cum
1310 1969 1499 2069 equitibus
1525 1971 1723 2068 Romanis,
1745 1975 1791 2076 11)
1830 1974 1981 2050 omissis
2006 1998 2077 2073 po-

182 2103 322 2169 stremo
349 2093 476 2192 equis,
512 2091 599 2189 quia
624 2093 815 2166 consulem
855 2087 903 2166 ad
939 2088 1143 2189 regendum
1179 2113 1315 2186 equum
1349 2087 1452 2163 vires
1479 2089 1715 2167 deficiebant.
1767 2094 1937 2193 Quorum
1963 2113 2077 2191 quum

181 2233 316 2309 magna
341 2233 431 2310 pars
458 2207 668 2300 cecidisset,
696 2233 778 2284 curn
810 2207 1048 2308 septuaginta
1073 2206 1204 2280 consul
1230 2207 1356 2305 lugam
1384 2205 1599 2305 capessivit.
1616 2206 1662 2307 11)
1714 2209 1800 2284 Non
1825 2211 1979 2286 dubium
2006 2218 2076 2300 eet,

183 2327 273 2427 quin
307 2325 346 2401 bi
381 2325 527 2424 equites
561 2325 757 2400 comitatus
792 2325 936 2401 fuerint
970 2324 1134 2399 consulis
1169 2333 1208 2397 et
1240 2333 1414 2419 tanquam
1449 2324 1640 2424 praetoria
1667 2329 1847 2424 quaedam
1873 2329 2009 2402 cohors
2029 2323 2077 2424 11)

183 2453 223 2518 et
254 2444 453 2518 maximam
487 2453 632 2543 partem
666 2467 716 2518 cx
750 2443 878 2517 amicis
914 2439 1079 2514 consulis
1111 2440 1364 2537 nobiliumque
1398 2439 1529 2514 liberis
1563 2441 1588 2516 i.
1615 2469 1648 2517 e.
1683 2443 1870 2542 equitibus
1905 2467 2003 2544 equo
2037 2468 2076 2543 p.

184 2560 434 2636 constiterint.
482 2558 603 2634 Iidem
630 2558 868 2658 intelligendi
894 2565 1000 2648 sunt,
1035 2555 1099 2654 qui
1123 2583 1240 2660 saepe
1268 2585 1340 2634 una
1367 2559 1637 2636 cumtribunis
1666 2563 1825 2639 militum
1851 2585 2077 2637 commemo-

183 2687 332 2769 rantur,
358 2689 401 2752 ut
425 2701 447 2750 a
472 2676 585 2751 Livio
611 2675 649 2768 9,
685 2675 746 2749 38.
773 2676 843 2766 21,
870 2672 939 2766 59,
965 2671 1003 2746 9.
1030 2672 1190 2772 denique
1217 2677 1287 2768 22,
1325 2674 1390 2768 ld,
1427 2677 1508 2751 Ibe
1543 2679 1685 2770 „Haec
1711 2682 1816 2756 velut
1841 2673 2076 2756 concionanti

182 2793 361 2884 Minucio,
389 2793 782 2878 circumfundebantur
807 2792 1040 2866 tribunorum
1067 2789 1303 2891 equitumque
1322 2785 1576 2870 Romanbrum
1597 2797 1808 2890 multitudo,
1839 2807 1878 2872 et
1896 2799 1943 2872 ad
1965 2821 2076 2872 aures

151 3003 155 3010 .
182 2934 330 3009 quoque
357 2911 517 2986 militum
542 2910 642 2986 dicta
659 2901 809 2987 'ferocia
834 2911 1127 2984 volvebantur“.
1178 2908 1265 3009 Quo
1289 2911 1373 2984 loco
1400 2911 1546 3008 equites
1573 2912 1762 2990 Romanos
1795 2939 1870 2990 nou
1896 2911 2076 3012 distingui

183 3051 205 3103 ιι
231 3027 418 3103 sociorum
449 3028 627 3126 equitatu,
655 3030 724 3105 sed
749 3029 795 3103 ab
822 3027 881 3120 iis,
909 3027 973 3126 qui
999 3049 1205 3125 quanquam
1234 3049 1329 3126 equo
1354 3029 1560 3121 merebant,
1586 3039 1709 3106 tamen
1736 3033 1881 3131 equites
1906 3055 1982 3106 non
2008 3054 2076 3130 ap·

183 3146 429 3247 pellabantur,
449 3143 496 3244 11)
524 3154 564 3219 et
588 3145 681 3221 locis
709 3170 823 3246 supra
849 3142 1009 3220 laudatis
1035 3141 1170 3218 Livius
1197 3153 1429 3235 auctorest,
1464 3154 1503 3217 et
1529 3146 1554 3218 l.
1580 3147 1649 3238 25,
1667 3147 1765 3224 aaz
1805 3151 1946 3242 „Anno
1973 3145 2074 3221 enim

183 3262 260 3336 ala
285 3285 318 3336 a.
346 3263 433 3338 Cbr.
459 3289 516 3355 n.,
547 3261 689 3362 iuquit,
724 3279 846 3360 quum*
866 3263 934 3338 Gn.
962 3259 1142 3360 Scipione
1167 3260 1207 3334 in
1232 3251 1421 3359 Hispania
1453 3259 1654 3338 interiecto
1689 3264 1837 3340 deletur
1872 3260 2074 3352 exercitus,

183 3378 415 3482 amissaeque
440 3378 652 3479 Hispaniae
679 3379 909 3470 viderentur,
936 3377 996 3452 vir
1021 3400 1117 3452 unus
1143 3401 1205 3452 res
1230 3375 1398 3476 perditas
1424 3377 1601 3452 restituit.
1653 3380 1748 3454 Ilrat
1773 3381 1870 3455 anim
1896 3378 1935 3454 in
1962 3399 2076 3454 exer-

183 3493 534 3587 circumactus,
561 3493 723 3595 Septimi
751 3493 866 3586 filius,
894 3518 1009 3592 eques
1035 3492 1246 3585 Romanus,
1273 3491 1434 3592 impiger
1454 3491 1628 3592 juvenis,
1655 3497 1841 3595 animique
1868 3507 1906 3570 et
1932 3492 2074 3592 ingenii

185 3611 386 3710 aliquanto,
412 3635 520 3709 quam
546 3638 617 3712 pro
642 3614 807 3706 fortuna,
833 3613 873 3690 in
899 3636 971 3711 qua
997 3623 1079 3686 erat
1102 3619 1223 3702 natus,
1249 3605 1414 3708 majoris.
1467 3610 1527 3684 Ad
1553 3636 1732 3687 summam
1756 3613 1922 3686 indolem
1947 3633 2076 3685 acces-

182 3739 285 3805 serat
309 3731 377 3804 Gn.
403 3727 594 3828 Scipionis
620 3730 840 3831 disciplina,
875 3731 944 3805 sub
971 3754 1043 3829 qua
1075 3751 1148 3829 per
1181 3737 1238 3801 tot
1271 3747 1389 3801 annos
1422 3727 1580 3802 militiae
1614 3741 1715 3804 artes
1749 3731 1903 3804 edoctus
1936 3729 2073 3801 luerat.

181 3843 260 3920 Hic
285 3855 324 3920 et
349 3871 398 3921 ex
423 3845 514 3944 iuga
538 3845 706 3920 collectis
732 3847 912 3923 militibus
940 3858 979 3924 et
1004 3845 1223 3946 quibusdam
1250 3841 1298 3917 de
1331 3844 1531 3944 praesidiis
1559 3847 1749 3937 deductis,
1783 3845 1882 3920 baud
1907 3855 2074 3919 contem·

187 3959 352 4034 nendum
389 3960 597 4036 exercitum
636 3962 780 4038 lecerat
812 3961 1065 4062 junxeratqne
1099 3987 1185 4038 cum
1210 3963 1257 4036 111.
1284 3957 1467 4059 Fontcjo,
1501 3961 1547 4034 P.
1575 3962 1763 4062 Scipionis
1796 3963 1932 4062 legato.
1995 3957 2075 4032 Sed

185 4085 327 4151 tantum
360 4076 552 4176 praestitit
585 4103 701 4178 eques
735 4080 927 4154 Romanus
961 4073 1182 4154 auctoritate
1215 4079 1315 4152 inter
1347 4075 1486 4151 milites
1521 4089 1631 4176 atque
1665 4080 1827 4172 bonore,
1865 4088 1908 4153 ut
1940 4075 2074 4151 castris

184 4192 277 4268 citra
290 4193 446 4268 Iberum
468 4197 715 4290 communitis,
742 4221 855 4296 quum
878 4197 1011 4271 ducem
1032 4193 1266 4270 exercituum
1288 4193 1447 4269 comitiis
1474 4194 1696 4272 militaribus
1718 4195 1837 4272 creari
1857 4192 2074 4297 placuisset,

184 4351 232 4366 -·
255 4347 309 4378 .--
337 4308 385 4382 ad
409 4307 456 4382 L.
484 4311 665 4390 Marcium
692 4313 815 4391 cuncti
842 4337 1022 4390 summam
1046 4311 1198 4416 imperii
1223 4310 1439 4386 detulerint.
1449 4315 1471 4353 ‘⁴

187 4601 222 4668 11)
241 4597 275 4652 ci.
299 4597 360 4652 vat.
383 4598 460 4654 Mar.
485 4599 530 4666 ll.,
555 4599 599 4666 9.,
624 4600 649 4654 7.
693 4599 837 4670 Equestris
862 4619 970 4672 qnoque
992 4604 1096 4658 ordinis
1126 4601 1132 4739 1
1165 4604 1200 4671 11)
1219 4602 1279 4656 btv.
1298 4601 1349 4667 25,
1375 4597 1401 4654 6.

220 4667 291 4720 110111
308 4685 457 4738 1111119111
475 4686 556 4741 111111»
580 4670 917 4742 9111111811111111111111ι
944 4674 1095 4756 1111911111
1164 4690 1199 4759 11)
1220 4687 1327 4742 Colrors
1352 4683 1423 4741 enim
1448 4685 1586 4757 praetoria
1608 4707 1625 4742 a
1648 4685 1776 4758 Scipione
1795 4685 1923 4741 Africano
1949 4682 2071 4738 instituta

219 4745 310 4789 notam
327 4738 446 4806 pallente
464 4739 554 4794 animo
571 4742 770 4794 sustlunerantr
789 4758 857 4810 quos
870 4739 911 4796 Μ.
923 4741 1048 4794 Valerrns
1067 4752 1095 4795 et
1197 4775 1259 4811 ,m
1277 4758 1383 4811 (pepp,
1420 4771 1446 4809 v,
1466 4755 1545 4810 paup
1563 4767 1692 4826 „cappa
1711 4773 1736 4828 p,
1758 4755 1815 4810 ιη
1835 4757 1913 4810 unp,

219 4803 963 4944 l,aaln¹lnnaantn⁰nnna¹¹¹·
979 4810 1094 4880 11
1163 4843 1253 4978 ἰι
1266 4839 2071 4979 all.tinaanatataalternant:

185 4962 220 5030 11)
239 4960 272 5014 el.
283 4967 317 5014 '¹¹-
334 4959 369 5012 68
532 5019 542 5036 ,
1194 4983 1299 5051 equites
1317 4999 1411 5037 omnes
1429 4991 1457 5036 et
1475 4983 1646 5037 centurlones
1660 4981 1770 5052 jussit‘.
1808 4979 1841 5032 el.
1860 4979 1909 5046 39,
1927 4980 1960 5044 5,
1981 4977 2021 5032 la.
2041 4983 2070 5030 et

186 5049 220 5117 a)
238 5045 299 5100 mv.
316 5044 367 5113 aa,
393 5045 436 5101 ιι.
1123 5015 1129 5106 l
1193 5053 1245 5120 ιι,
1270 5051 1321 5120 ιι,
1348 5054 1374 5106 a
1761 5047 1770 5062 ·
