5254 6186
1012 823 1168 932 cap.
1208 823 1292 912 Π.

560 977 790 1068 Centuriae
821 981 1004 1094 equitum
1032 1009 1059 1066 a
1089 985 1244 1068 Servio
1275 979 1416 1066 'Pallio
1447 981 1679 1072 institutae.
1695 980 1746 1092 ¹²)

206 1137 444 1259 Servius,
477 1177 520 1272 ut
554 1168 606 1242 ait
637 1168 774 1245 Livius
810 1169 851 1262 1,
886 1163 968 1261 43..
1007 1166 1230 1268 pedestri
1273 1169 1495 1244 exercitu
1529 1177 1699 1244 ornato
1733 1161 2097 1258 distributoque

207 1285 418 1382 equitum
438 1309 495 1360 ex
513 1282 807 1383 primoribus
828 1284 1050 1360 civitatis
1072 1281 1325 1361 duodecim
1344 1285 1549 1386 scripsit
1571 1284 1830 1359 centurias.
1869 1281 1964 1356 Sex
1983 1281 2099 1356 item

194 1400 329 1482 ¹alias
357 1402 604 1476 centurias
629 1401 786 1476 tribus
813 1425 834 1474 a
859 1401 1059 1476 Romulo
1085 1399 1347 1494 institutis,
1375 1404 1460 1475 sub
1487 1399 1675 1492 iisdem,
1703 1399 1877 1498 quibus
1903 1397 2097 1495 inaugu-

207 1526 339 1590 ratae
367 1527 516 1610 erant,
542 1517 815 1632 nqminibus
837 1517 972 1593 lecit·
1021 1518 1073 1591 Et
1088 1517 1223 1591 dicero
1236 1517 1283 1592 de
1297 1539 1378 1617 rep.
1390 1517 1426 1608 2,
1450 1517 1532 1592 22:
1561 1513 1872 1615 „(lccitequitum
1887 1509 2095 1607 centurias)

207 1631 554 1732 duodeviginti
580 1655 728 1708 censu
754 1633 967 1708 maximo.
1020 1631 1207 1708 Deinde
1236 1634 1447 1731 equitum
1474 1647 1864 1734 magnonumero'
1893 1625 2098 1707 exomni

207 1750 370 1850 populi
391 1773 561 1824 summa
582 1761 818 1850 separato,
839 1749 1073 1848 reliquum
1091 1751 1315 1849 populum
1337 1749 1591 1825 distribuit
1611 1749 1658 1824 in
1678 1749 1880 1848 quinque
1901 1749 2097 1836 classes,

208 1865 522 1965 senioresque
550 1891 573 1940 a
593 1864 876 1966 junioribus
903 1865 1121 1941 divisit.“
1173 1865 1233 1940 lle
1254 1867 1389 1966 quibus
1409 1866 1503 1940 locis
1524 1865 1596 1940 tria
1617 1865 1777 1941 maxime
1792 1865 1978 1940 monenda
1992 1869 2098 1934 sunt:

375 1982 409 2056 1.
443 2009 592 2057 errasse
627 2003 713 2072 eos,
747 1981 831 2081 qui,
864 1983 1038 2080 quoniam
1071 1983 1207 2058 Livius
1241 1977 1288 2058 de
1322 2003 1392 2057 sex
1426 1981 1588 2080 antiquis
1617 1981 1755 2056 cisium
1779 1982 1968 2082 partibus,
2002 2001 2098 2077 quae

207 2107 293 2172 ante
320 2097 497 2172 Serrium
524 2107 641 2190 crant,
667 2107 755 2200 post
781 2118 856 2191 eas,
884 2121 979 2197 quae
1005 2125 1026 2174 a
1053 2098 1189 2174 Servio
1215 2098 1408 2174 institutae
1435 2111 1533 2191 sunt,
1560 2099 1743 2195 loquetur,
1770 2101 1837 2174 has
1864 2121 1933 2174 sex
1959 2095 2098 2170 a'Ser-

207 2214 272 2289 vio
298 2213 491 2290 institutas
519 2237 609 2288 esse·
633 2213 769 2288 dicant.
787 2212 832 2315 Η)
883 2217 978 2292 Nam
1003 2216 1112 2291 Festi
1138 2217 1273 2309 locum,
1299 2241 1410 2315 quem
1437 2215 1610 2308 afferunt,
1627 2213 1672 2313 ¹³)
1698 2225 1737 2288 et
1762 2225 1977 2315 corruptum
1999 2234 2097 2300 esse,
2129 2261 2132 2268 ·

207 2353 330 2428 nequo
352 2330 471 2404 ullam·
489 2341 627 2404 certam
649 2330 873 2406 sententiam
896 2331 1077 2407 exhibere
1099 2343 1139 2408 et
1159 2359 1229 2434 per
1249 2355 1291 2407 se
1313 2341 1430 2432 patet,
1452 2342 1491 2406 et
1511 2331 1781 2406 demonstravit
1801 2329 2033 2405 Huscblius.¹
2050 2323 2096 2423 ¹⁶)

206 2447 303 2522 Rem
330 2446 451 2547 ipsam
477 2445 617 2520 diserte
644 2455 805 2524 testatur
829 2447 964 2523 Livius
991 2459 1031 2540 et
1056 2449 1079 2522 l.
1096 2449 1121 2522 l.
1145 2446 1189 2549 ¹¹)
1216 2459 1255 2524 et
1284 2449 1317 2541 l,
1344 2443 1427 2522 uu:
1460 2449 1652 2547 „Neque
1680 2459 1772 2522 tum
1799 2441 2095 2544 Tarquinius

208 2564 262 2638 de
291 2562 498 2661 equitum
525 2561 1042 2661 centuriis'quicquam
1075 2565 1297 2657 mutavit,
1330 2589 1525 2640 numero
1559 2574 1740 2639 tantum
1775 2564 1979 2638 alterum
2014 2559 2096 2633 ad-

201 2675 344 2777 jecit,
377 2686 427 2752 ut
459 2675 592 2752 mille
626 2676 783 2754 DCCC
818 2678 1010 2778 equites
1043 2679 1091 2756 in
1123 2680 1760 2757 tribuscenturiisesscntz
1786 2676 2095 2781 posteriores

205 2791 340 2870 medo
380 2793 466 2868 sub
504 2791 676 2868 iisdem
717 2795 1008 2890 nominibus,
1054 2795 1132 2896 qui
1171 2796 1325 2871 additi
1365 2807 1494 2890 sunt,
1534 2795 1773 2898 appellati
1812 2806 1942 2886 sunt,
1982 2813 2096 2891 quas

206 2937 348 3003 nunc,
375 2909 484 3008 qnia
509 2909 777 3009 geminatae
805 2923 932 3006 sunt,
960 2938 1044 2988 sex
1071 2924 1245 2988 vocant
1269 2913 1562 2989 centurias.‘⁶

372 3025 409 3099 2.
449 3025 669 3125 Quanquam
703 3037 827 3103 autem
863 3039 901 3103 et
935 3029 1071 3104 Cicero
1105 3031 1129 3104 l.
1156 3031 1181 3104 l.
1218 3041 1257 3105 et
1288 3029 1499 3128 Dionysius
1521 3028 1565 3132 18)
1608 3025 1867 3131 duodeviginti
1909 3023 2095 3104 centurias

208 3140 373 3242 equitum
401 3166 423 3215 e
448 3141 676 3241 primoribus
703 3143 866 3220 civitatis
892 3145 1008 3221 lectas
1036 3173 1120 3221 esse
1146 3147 1315 3240 tradunt,
1342 3157 1466 3222 tamen
1493 3147 1557 3220 diu
1583 3173 1605 3220 a
1631 3148 1827 3222 duodecim
1854 3141 2032 3220 centuriis
2057 3147 2098 3213 ct

206 3259 369 3335 nomine·
384 3267 422 3332 ct
443 3255 531 3359 jure
558 3269 597 3333 et
623 3259 814 3358 dignitatis
841 3261 1048 3361 insignibus
1075 3289 1145 3338 sex
1172 3261 1348 3362 suffragia
1374 3259 1549 3348 distincta
1575 3261 1693 3336 inisse
1719 3287 1794 3338 non
1820 3259 1988 3336 obscuris
2014 3254 2096 3355 qui·

207 3375 363 3450 busdam
397 3375 628 3474 argumentis
663 3369 863 3477 colligitur.
914 3379 1011 3454 Nam
1044 3403 1181 3454 nomen
1208 3378 1456 3452 centuriarum
1482 3375 1618 3477 ipsum,
1644 3389 1687 3453 ut
1714 3380 1882 3482 aprime
1908 3374 2096 3476 incipiam,

206 3493 365 3594 petitum
391 3490 487 3566 illud
513 3515 535 3566 a
559 3491 770 3590 peditibus,
797 3493 844 3568 ad
869 3494 1048 3594 patricios
1075 3495 1221 3593 equites
1248 3493 1459 3569 decuriatos
1486 3519 1560 3568 non
1587 3495 1819 3593 pertinebat,
1847 3518 2002 3593 quorum
2030 3514 2095 3563 an-

206 3608 332 3706 tiquae
357 3605 477 3680 tribus
505 3617 569 3680 aut
594 3609 779 3682 communi
805 3609 871 3684 Vl.
899 3611 1162 3712 suffragiorum
1185 3623 1249 3686 aut
1269 3633 1338 3686 suo
1360 3629 1529 3708 quaeque
1550 3611 1830 3701 Ramnensium,
1857 3605 2094 3696 Titiensium,

205 3721 393 3799 Lucerum
419 3722 568 3797 nonrine
595 3712 806 3823 appellatae
833 3729 997 3804 luerunt.
1021 3727 1066 3827 ¹⁹)
1161 3713 1165 3721 ¹
1375 3807 1378 3814 ,

371 3839 501 3929 Adde,
535 3841 635 3938 quod
660 3841 731 3914 hac
758 3841 937 3942 sullragia
962 3844 1003 3919 in
1029 3842 1200 3930 Comitiis
1228 3839 1445 3919 centuriatis
1473 3855 1667 3944 separatae
1695 3869 1716 3918 a
1743 3841 1939 3918 duodecim
1965 3849 2095 3914 centu-

244 4086 279 4155 ¹³)
298 4083 420 4138 Diillclla
439 4095 479 4139 cst
497 4085 532 4140 de
549 4089 648 4142 Servio
662 4083 745 4143 'brevi
756 4089 856 4156 dicere,
875 4096 1020 4162 postquam
1034 4087 1069 4146 de
1084 4109 1118 4148 co
1223 4095 1258 4164 ¹¹)
1276 4088 1373 4150 Festus
1397 4111 1424 4216 p·
1448 4087 1561 4150 2521„
1583 4109 1640 4146 sex
1664 4087 1841 4164 suffragia
1865 4085 2093 4162 appellantur

1379 4183 1395 4216 u

1418 4173 1484 4217 tum
1508 4164 1694 4230 centuriis,
1718 4179 1808 4232 quae
1831 4169 1907 4216 sunt
1925 4159 2093 4213 adiectae

293 4154 481 4208 enodatissime
506 4165 533 4210 ct
557 4160 714 4211 suauissima
740 4159 887 4228 dispulerit
913 4151 1066 4216 lluscblrlus
1090 4165 1117 4217 ln
1224 4177 1234 4184 ·
1272 4164 1305 4217 in
1330 4182 1442 4300 Ἔα)
1473 4233 1502 4284 ‘i
1539 4249 1679 4286 numero
1710 4233 1953 4288 centuriarum
2007 4241 2093 4295 qm

292 4237 342 4288 eo,
367 4241 445 4292 quem
467 4223 525 4294 jem
551 4227 807 4296 sscpius'laudavi,
834 4231 917 4282 libro:
934 4257 937 4262 Α
953 4229 1031 4296 „illc
1049 4232 1117 4285 Ver·
1271 4235 1330 4356 q'sic
2042 4295 2048 4308 ,

268 4367 272 4374 ’
292 4291 404 4362 lassnng
428 4292 477 4345 des
494 4293 599 4364 llbnlgs
616 4299 731 4351 Senius
749 4297 859 4352 Tollius.
877 4299 1000 4353 lleidelb.
1021 4304 1116 4367 1838,“
1305 4299 1418 4357 riscus
1436 4301 1651 4372 Tarquinius
1668 4317 1730 4354 rex
1748 4299 1946 4352 constituit.
1981 4297 2023 4350 Le
2051 4302 2094 4345 ίιιι·

313 4377 373 4414 arem
406 4367 434 4412 et
461 4363 536 4430 sequi
570 4372 596 4415 et
623 4365 743 4420 resonare
768 4383 855 4436 aeque
881 4370 1038 4438 impeditum
1066 4379 1115 4424 est.
1271 4371 1364 4426 melius
1382 4370 1506 4440 prolecto
1525 4369 1685 4424 effectae
1703 4386 1743 4421 eo
1762 4385 1921 4432 numero,
1944 4367 2013 4435 (quo
2052 4368 2094 4416 cst

321 4447 365 4484 am
390 4445 443 4497 quo
467 4429 557 4514 major
577 4439 619 4484 ast
643 4435 669 4486 ln
695 4451 728 4488 eo
752 4437 812 4489 viro
831 4446 859 4490 et
875 4437 1016 4492 damnose
1036 4457 1069 4495 co
1090 4441 1116 4493 'a
1270 4440 1349 4495 Livio
1368 4441 1616 4505 consentaneum)
1635 4455 1714 4508 quam
1733 4431 1909 4508 adjectae.

293 4507 320 4552 et
343 4499 442 4584 ingenit
467 4507 617 4584 nugacitas,
641 4515 675 4554 en
699 4505 783 4574 magle
806 4521 997 4590 nonnrmquam
1020 4511 1047 4562 ln
1064 4508 1116 4594 'lla
1221 4561 1243 4596 n
1539 4553 1549 4582 ,

292 4577 454 4636 quaestione
476 4573 644 4622 hamaticum
671 4570 743 4624 illum
766 4573 904 4626 uendendi
935 4585 1020 4630 artent
1045 4576 1116 4630 drlil·
1243 4560 1256 4626 l
1274 4575 1301 4628 l’¹
1319 4561 1379 4615 ³⁴⁸·
1397 4571 1438 4626 ⁸ll·
1457 4553 1491 4611 Cf·
1510 4557 1618 4612 ΜΨ
1635 4557 1667 4610 R‘
1685 4553 1717 4610 R·
1733 4575 1763 4628 p.
1782 4557 1825 4614 32·
1844 4573 1869 4609 ¹¹·
1890 4557 1930 4612 ¹7·

291 4636 1116 4828 '‘gllle'gstffbrgTesszfffffssmlfflY’mml'xlzaffilllqozlgsl
1221 4676 1255 4745 rr)
1274 4676 1384 4742 lisdem,
1403 4675 1498 4746 quibus
1515 4677 1690 4748 inauguratae
1707 4685 1801 4741 erant,
1818 4671 1970 4729 nominibus
1987 4669 2058 4724 iecit.

211 4779 216 4784 '
292 4771 464 4858 disputationi
495 4775 577 4861 ‘aud
601 4778 658 4830 scio
680 4795 716 4830 an
741 4793 794 4864 noo
817 4777 936 4850 pluribus
954 4782 1115 4852 probaturus
1221 4794 1256 4861 ¹0)
1277 4791 1348 4848 Dion
1368 4811 1390 4848 s.
1415 4789 1469 4859 lv,
1495 4793 1535 4851 is
1553 4813 1580 4865 p.
1604 4795 1664 4850 681.
1690 4794 1719 4849 ιὸ
1743 4795 1772 4850 ds*
1799 4795 1851 4848 ratu
1871 4793 1972 4846 iunior
1992 4790 2093 4854 ulidus

289 4851 339 4906 srt,
364 4859 442 4911 quam
468 4860 561 4898 inrrorn
580 4846 651 4932 lllnm
670 4845 705 4932 de
724 4845 839 4920 bourgo,
858 4851 967 4904 animali
986 4852 1115 4906 antedllu·
1270 4812 1385 4928 im'irdr
1409 4866 1437 4917 ἐκ
1456 4865 1508 4918 τῶν
1525 4868 1639 4934 ἐχόντων
1657 4865 1686 4918 τό
1702 4868 1830 4935 μέγιστον
1847 4866 1948 4930 τίμημα
1964 4861 2009 4912 καὶ
2025 4856 2093 4911 κατὰ

288 4912 386 5002 sirano,
404 4927 430 4980 p.
449 4915 508 4968 ΜΒ.
526 4931 585 4984 sqq.
605 4934 621 4968 ο
643 4933 767 4971 aaronem.
1268 4936 1345 5004 γένος
1364 4933 1501 5002 lusura-eir
1518 4937 1635 4996 συνέταξε
1654 4935 1684 4989 ds*
1703 4935 1739 4990 sla
1758 4931 1935 4984 ameum
1951 4929 2050 4998 tegeor.

240 4981 275 5050 ¹⁴)
288 4979 570 5120 &gnffqgrsssbqqu
588 4935 702 5041 tillir.
726 4987 801 5044 18³0.
824 5005 852 5060 p.
870 4987 931 5044 ilo
967 4985 1053 5044 Orelli
1078 4989 1113 5044 nd
1218 5058 1290 5127 ”N
1315 5055 1341 5116 u
1391 5053 1482 5128 hup
1509 5057 1562 5116 m

337 5089 344 5104 .
464 5089 470 5103 .
499 5089 506 5103 .
1290 5097 1297 5112 .
1343 5075 1390 5114 use
1484 5093 1491 5110 .
1562 5097 1570 5111 .
