5254 6186
457 483 543 570 aa

460 717 530 818 -qui
557 718 699 794 iudices
733 709 845 813 quum
879 706 986 789 initia
1022 736 1152 789 omnes
1175 715 1334 790 tabellas
1361 712 1400 788 in
1426 698 1538 787 unam
1565 707 1693 786 cistam
1722 708 1991 824 coniecissent,
2029 717 2163 811 postea
2186 709 2228 785 id
2255 731 2287 784 a.
2312 707 2367 784 oo

467 839 553 936 lege
571 831 743 932 Fufiaii)
769 841 948 905 mutatum
971 839 1040 921 est,
1068 855 1117 904 ex
1138 855 1209 929 que
1235 830 1392 930 slugulis
1419 828 1556 929 singuli
1584 829 1735 903 ordines
1762 827 1867 903 cistis
1894 817 2100 902 sententies
2126 825 2365 926 serebant.³³)

469 954 554 1027 Non
580 951 702 1026 minus
729 950 798 1022 lros
832 946 976 1021 iudices
1004 972 1113 1045 quam
1140 947 1315 1022 Sullanos
1342 949 1497 1023 venales
1524 945 1663 1038 fuisse,
1697 970 1745 1020 ne
1772 947 1888 1020 multe
1913 945 2088 1036 silerem,
2115 954 2155 1019 et
2182 944 2367 1050 Catilinae

465 1078 707 1165 etquattuor
733 1089 854 1139 annos·
876 1075 963 1165 post
989 1062 1112 1138 clodii
1140 1049 1269 1138 caussa
1296 1065 1441 1156 docuit,
1471 1087 1627 1164 quorum
1653 1062 1719 1136 ille
1746 1087 1859 1160 quum
1885 1087 1917 1135 a.
1944 1061 1994 1136 85
2021 1087 2042 1136 e
2068 1061 2114 1135 Ρ.
2142 1061 2276 1136 clodia
2302 1088 2364 1136 re-

469 1185 716 1286 petundarum
744 1207 794 1257 ex
814 1181 944 1257 Africa
970 1192 1163 1256 accusatus
1190 1191 1304 1273 esset,
1331 1180 1518 1282 corruptis
1544 1180 1750 1255 eLentulo
1777 1180 1875 1255 Sura
1899 1179 2083 1268 iudicibus
2097 1179 2146 1280 88)
2174 1179 2368 1254 absolutus

471 1315 549 1379 este
565 1301 614 1401 ³⁹)
647 1301 687 1375 in
712 1299 822 1374 huius
849 1323 981 1373 caussa
1007 1323 1206 1403 consessus
1231 1298 1322 1392 fuit,
1357 1309 1399 1374 ut
1424 1299 1558 1375 Cicero
1585 1295 1695 1388 dicit,
1729 1295 2003 1372 maculosorum
2029 1305 2263 1388 senatorum,
2280 1319 2368 1392 ,nu-

472 1423 604 1496 dorum
631 1417 815 1516 equitum,
840 1415 1094 1506 tribunorum,
1122 1440 1197 1490 non
1216 1425 1293 1490 tam
1319 1427 1547 1508 serstorum,
1573 1438 1701 1512 quam,
1729 1423 1772 1489 ut
1797 1415 2046 1514 appellantur,
2073 1412 2368 1514 serenorumet)

473 1539 615 1612 Verum
641 1533 777 1609 effecta
802 1534 872 1607 bac
892 1532 977 1632 lege
1000 1534 1159 1607 duorum
1182 1531 1220 1608 ie
1245 1532 1452 1633 reipublice
1476 1531 1824 1632 potentissimorum
1851 1530 2023 1606 ordinum
2045 1540 2126 1606 eret
2146 1529 2369 1622 coniunctio,

473 1657 513 1730 in
546 1675 663 1752 eaque
698 1675 879 1727 summum
915 1650 1025 1724 huius
1059 1649 1155 1749 legis
1182 1660 1407 1726 momontum
1435 1674 1521 1723 esse
1554 1648 1602 1722 iis
1629 1648 1875 1749 scriptoribus
1908 1658 2012 1723 recte
2045 1647 2170 1722 visum
2195 1656 2273 1740 est,
2307 1647 2371 1746 qui

479 1769 617 1847 omissa
650 1768 885 1842 tribunorum
910 1766 1100 1843 mentione
1125 1791 1211 1842 cum
1239 1767 1423 1866 equitibus
1457 1767 1527 1841 hec
1559 1766 1644 1866 lege
1678 1766 1803 1842 denuo
1831 1766 2099 1842 communicate
2124 1791 2210 1842 esse
2235 1766 2372 1842 iudicia

1489 2031 1548 2070 rum
1567 2031 1634 2068 urna
1647 2013 1798 2081 damnaret,
1817 2017 1936 2086 equitnm
1955 2025 1983 2070 et
1999 2014 2167 2070 tribunorum
2182 2015 2369 2072 absolveret“.

1491 2085 1524 2141 ci.
1545 2085 1580 2138 de
1599 2102 1694 2138 causae
1713 2087 1777 2139 Sex.
1799 2085 1902 2151 Clodii,
1924 2096 1987 2139 ecte
2003 2103 2029 2139 a.
2048 2085 2092 2152 56,
2112 2085 2165 2140 Cic.
2186 2086 2221 2139 ed
2241 2086 2268 2144 Q
2295 2086 2371 2145 iretr.

1490 2155 1517 2222 3,
1535 2153 1562 2220 6,
1581 2155 1607 2208 ii.
1635 2156 1854 2208 Senatorum
1873 2155 1961 2210 enim
1981 2172 2068 2208 urae
2086 2157 2235 2226 copiose
2254 2155 2372 2208 absol·

1490 2225 1556 2290 vit,
1576 2225 1727 2293 equitum
1746 2225 1974 2293 adaequavit,
1994 2226 2124 2280 tribuni
2142 2227 2274 2280 aerarii
2293 2242 2373 2280 coo·

1492 2295 1719 2358 demnerunt;
1756 2295 1790 2349 de
1816 2297 1912 2348 Scauri
1940 2313 2052 2361 caussa,
2079 2305 2140 2349 ecta
2168 2296 2265 2349 eodem
2293 2313 2374 2360 aneo,

512 2022 592 2075 iertia
609 2018 767 2090 Madvigius
784 2019 812 2073 ia
841 2019 905 2072 diss.
925 2017 960 2071 de
976 2016 1090 2071 tribunis
1113 2017 1237 2071 aerariis.
1273 2016 1396 2072 iiavubre

516 2091 590 2144 1838.
627 2089 736 2143 Tribuni
755 2091 855 2144 aerarii
879 2088 999 2142 ordinem
1022 2085 1186 2142 efficiebant.
1224 2087 1342 2155 (Asson.
1361 2087 1397 2140 ad

513 2177 555 2214 or.
582 2157 664 2216 (loru.
689 2177 716 2229 p.
741 2156 845 2212 iiior.
882 2156 1084 2210 Pseudo-Sall.
1112 2157 1147 2210 de
1166 2156 1226 2210 ord.
1246 2175 1304 2226 rep.
1324 2175 1348 2210 c.
1367 2157 1397 2226 3)

478 2264 480 2272 1
514 2237 647 2353 g‘litqde
665 2229 781 2352 ipp'eire
800 2227 879 2351 (Diod.
897 2227 941 2348 ιῖῗ,
960 2227 1022 2348 ῗῖι)5
1050 2225 1145 2349 Orippo
1154 2227 1334 2350 optemperetis
1353 2245 1398 2350 ep.

541 2318 642 2362 e.,
704 2335 709 2350 .
771 2315 835 2350 arro
881 2315 981 2350 e..
1048 2314 1073 2368 p.
1186 2315 1211 2366 p.
1271 2315 1397 2358 esus.

513 2368 667 2434 aerarii,
694 2368 810 2436 denique
830 2366 1058 2420 Pseudo-Ancon
1087 2367 1123 2419 ad
1141 2367 1221 2418 i'err.
1243 2366 1272 2431 l,
1298 2367 1345 2432 13,
1364 2367 1398 2419 :tl

514 2439 650 2502 scribunt,
676 2436 799 2493 homines
826 2437 958 2506 quosdam
983 2435 1034 2488 bes
1053 2436 1150 2501 luisse,
1174 2437 1218 2504 qni
1236 2437 1399 2506 stipendium

514 2507 592 2562 militi
610 2506 803 2571 dissolverent,
823 2517 850 2559 et
868 2507 1009 2576 pecuniam
1033 2505 1157 2558 rrrblicam
1171 2505 1259 2574 aliqua
1274 2523 1306 2559 es
1321 2514 1400 2576 parte

516 2583 681 2644 tractarent,
707 2577 736 2630 id
754 2577 789 2630 ed
807 2575 876 2642 hos,
902 2575 998 2646 quibus
1017 2524 1099 2630 botta
1116 2575 1276 2628 iudiciorum
1295 2584 1400 2644 partem

517 2646 637 2712 tradidit,
655 2647 795 2714 pertinere
814 2663 868 2698 non
887 2663 982 2714 posse,
1000 2646 1052 2699 iem
1071 2653 1134 2697 ente
1151 2643 1321 2714 Madvigium
1341 2663 1367 2714 p.
1383 2644 1401 2696 9

515 2725 644 2770 accurate
667 2716 921 2779 demonstraverat,
948 2731 1027 2782 quera
1044 2714 1092 2767 ille
1116 2713 1245 2784 neglexit,
1263 2713 1400 2767 Ferratius

517 2785 552 2840 ad
570 2784 649 2836 Verr.
676 2783 710 2850 2,
736 2783 767 2850 l,
792 2785 832 2837 13.
877 2783 948 2838 Nam
974 2793 1000 2836 et
1024 2784 1157 2838 aerarium
1182 2783 1218 2838 etl
1238 2792 1401 2906 puaestores

518 2853 688 2923 pertinebat,
716 2870 804 2921 neque
822 2854 990 2906 tribunorum
1016 2869 1131 2922 unquam
1150 2852 1219 2906 baec
1256 2853 1401 2924 ividendee

517 2923 649 2992 pecuniae
667 2939 753 2992 opere
767 2931 1004 2988 commemoretur,
1024 2931 1051 2975 et
1068 2923 1240 2991 magistratus
1258 2924 1344 2975 omnis
1361 2922 1400 2974 iu·

519 2991 625 3048 dicendi
651 2992 823 3046 vacationem
849 2991 993 3045 habebant.
1030 2991 1155 3061 Denique
1180 3010 1214 3045 ex
1236 2991 1298 3062 lege
1320 2991 1401 3043 Pom·

518 3063 598 3132 peia,
616 3061 650 3114 de
670 3077 722 3130 qua
740 3060 810 3114 inira
828 3061 931 3126 dicam,
951 3061 1048 3115 tribuni
1068 3061 1181 3126 aerarii,
1204 3071 1231 3114 ιιι
1250 3077 1346 3115 ornares
1364 3061 1402 3112 iu·

518 3133 604 3196 diaes,
622 3131 787 3202 amplissime
807 3147 840 3184 ex
863 3147 948 3186 ceusu
964 3147 998 3186 ex
1017 3131 1145 3186 aemonis
1163 3131 1332 3201 legebantur.
1367 3127 1403 3181 m

518 3209 621 3256 certum
642 3199 763 3254 ordinem
783 3217 866 3253 censu
884 3201 919 3253 ab
944 3200 1055 3269 reliquia
1081 3208 1237 3270 separatum
1253 3200 1337 3254 luisse
1355 3199 1403 3251 tri-

517 3271 606 3326 bunos
624 3269 756 3335 aerarios,
776 3270 861 3324 tribus
879 3270 947 3324 locis
963 3271 1045 3324 docet
1057 3268 1165 3332 Cicero,
1184 3269 1242 3322 Get.
1254 3268 1301 3333 lii,
1316 3271 1342 3334 7,
1361 3269 1404 3334 15,

519 3339 564 3394 ubi
581 3340 609 3392 ln
627 3340 830 3392 enumeratione
849 3340 972 3392 ordinum
991 3339 1126 3404 equitibus
1135 3337 1264 3392 Romanis
1281 3340 1404 3407 proxime

519 3407 625 3462 subiicit
644 3407 765 3460 tribunos
778 3409 915 3468 aerarios3
935 3424 986 3476 pro
999 3405 1091 3460 Rebir.
1109 3405 1135 3471 9,
1145 3405 1189 3472 27,
1208 3407 1252 3460 ubl
1272 3407 1404 3473 „Quld,

520 3477 621 3546 inquit,
647 3475 687 3530 de
711 3475 786 3529 illis
810 3475 1080 3533 honestissimis
1104 3477 1195 3530 viris
1219 3485 1322 3544 etqrre
1346 3495 1404 3548 op-

522 3548 617 3600 timis
642 3545 795 3611 civibus,
818 3562 834 3600 e
868 3545 1000 3598 ultibus
1025 3545 1205 3610 Rornenis,
1233 3546 1404 3611 dicemus,

520 3618 578 3684 qui
597 3562 861 3685 tum(sc.quumg

522 3693 648 3738 senatu
692 3684 845 3738 salutem
887 3683 1110 3752 reipublicae
1147 3685 1405 3740 defenderunt?

523 3754 605 3876 guid
631 3753 672 3808 de
695 3753 855 3808 tribunis
880 3753 1036 3806 aerariis
1061 3761 1333 3824 ceterarumque
1352 3772 1404 3808 or·

489 3885 494 3892 ¹
550 3825 638 3876 inum
658 3824 807 3878 omnium
826 3821 1045 3887 bominibus,
1072 3824 1216 3890 quitum
1234 3841 1325 3880 arma
1344 3841 1405 3894 pro

523 3893 692 3946 communi
710 3892 883 3946 libertate
901 3893 1115 3960 cepe1·unti“
1136 3891 1405 3962 deniquepnl’lenc.

521 3963 555 4025 8,
574 3960 624 4026 ii,
644 3977 697 4031 quo
716 3961 779 4016 loco
799 3970 905 4014 constet
924 3961 1004 4020 etiam
1023 3961 1049 4018 ie
1068 3962 1218 4030 rnunicipiis
1237 3971 1264 4014 et
1283 3962 1404 4031 preelec-

523 4032 591 4087 turis
609 4029 656 4082 illo
676 4037 810 4099 ternpore,
830 4040 858 4083 ut
877 4032 982 4099 equites
996 4030 1145 4093 limnaeus,
1164 4031 1203 4084 sic
1222 4031 1343 4087 tribunos
1360 4048 1406 4085 ee·

524 4101 613 4152 rerios
638 4117 654 4151 a
678 4099 781 4168 reliqua
806 4099 886 4168 plebe
915 4109 1041 4168 tanquam
1067 4099 1241 4154 honestiores
1264 4108 1406 4172 separetur

524 4168 615 4222 irrisae.
643 4167 777 4222 Tribunos
788 4175 879 4222 eutem
895 4169 1018 4222 aerarios
1033 4178 1136 4224 certum
1152 4170 1284 4239 attendam
1298 4187 1408 4224 censum

524 4237 665 4303 babuisse,
685 4247 714 4290 ιιι
732 4247 875 4292 narratores
892 4247 919 4291 et
936 4239 1050 4307 astrites,
1069 4255 1121 4292 non
1140 4240 1227 4293 dubiis
1244 4241 1408 4310 argumentis

525 4309 605 4360 evicit
630 4306 726 4361 Madv.
753 4325 779 4378 p.
810 4307 849 4360 lu.
895 4306 1041 4366 Quomodo
1066 4317 1156 4362 autem
1184 4319 1260 4364 ortus
1289 4311 1312 4362 is
1339 4310 1408 4363 ordo

524 4377 605 4430 luerit
630 4385 658 4430 et
682 4377 821 4444 qaromodo
846 4377 881 4433 ad
906 4393 966 4428 curn
990 4377 1142 4444 pertineant
1167 4379 1278 4434 Catonis
1303 4387 1408 4434 cetero·

526 4461 654 4512 rumque,
674 4460 743 4516 quae
762 4463 845 4514 supra
862 4445 959 4511 attuli,
977 4447 1147 4514 testimonia,
1165 4447 1241 4520 legas
1259 4465 1304 4522 ep.
1323 4449 1409 4522 ipsum

524 4511 620 4568 Madv.
640 4531 665 4584 p.
688 4513 719 4566 15
738 4531 800 4584 sqq.

492 4619 529 4686 ³⁶)
549 4616 603 4672 Dis
628 4618 679 4683 38,
702 4617 736 4682 8,
764 4615 1072 4687 requeiscentes
1090 4591 1244 4674 walterum
1264 4620 1363 4675 Gescb.
1383 4621 1409 4674 d

525 4686 559 4740 li.
578 4685 610 4740 e.
637 4688 819 4756 disputantem
848 4685 990 4744 Baiterum
1017 4691 1043 4742 iu
1068 4690 1121 4743 ind.
1140 4689 1193 4761 leg.
1212 4707 1240 4761 p.
1260 4691 1319 4745 178.
1347 4707 1409 4761 pro·

526 4755 607 4810 berte
624 4753 717 4812 Madv.
737 4774 762 4826 p.
786 4757 818 4810 18
836 4774 861 4812 a
880 4756 923 4810 38.

494 4857 531 4926 ⁸¹)
550 4859 650 4912 Aaron.
671 4859 697 4912 iu
713 4879 754 4915 or.
775 4862 800 4916 iu
821 4869 867 4930 tog
896 4858 1001 4916 candid.
1023 4879 1049 4932 p.
1068 4861 1104 4914 iiii
1122 4859 1187 4916 0r.:
1207 4903 1224 4928 „
1233 4859 1347 4916 Catilina
1365 4863 1378 4930 (
1385 4862 1411 4914 in

528 4925 581 4980 iud.
601 4928 745 5000 repetuod.
762 4949 786 4984 ιι
809 4930 862 5000 bb)
888 4931 927 4984 lte
945 4929 1075 4986 liberatus
1094 4939 1151 4996 est,
1177 4938 1205 4984 ιιι
1224 4947 1283 4986 eum
1303 4939 1409 4986 serrem·

863 3615 1001 3669 etureinos
1019 3613 1233 3685 interficeretur)
1252 3633 1315 3670 une
1334 3633 1405 3670 cum

1492 2365 1594 2420 decen.
1621 2381 1647 2432 p.
1676 2364 1711 2417 311
1739 2361 1790 2418 Οι.
1844 2365 2053 2418 Sententias
2080 2365 2246 2419 tulerunt
2273 2382 2373 2418 sene·

1493 2443 1593 2488 tores
1612 2433 1678 2486 duo
1697 2442 1730 2486 et
1747 2433 1818 2500 XX,
1841 2436 1982 2504 equites
2001 2443 2075 2488 tres
2094 2445 2128 2490 et
2147 2435 2215 2500 XX,
2242 2433 2374 2489 tribuni

1494 2504 1632 2556 aerarii
1656 2501 1745 2568 XXV,
1770 2520 1809 2556 ex
1860 2503 1959 2556 uibus
1986 2503 2248 2559 damnaverunt
2272 2521 2375 2558 seue·

1494 2583 1596 2626 tores
1615 2571 1662 2639 lV,
1681 2522 1880 2642 equiiesll,
1899 2571 2032 2628 tribuni
2052 2573 2083 2629 it
2112 2575 2167 2630 Cic.
2186 2575 2222 2628 ad
2242 2574 2276 2632 e.
2296 2574 2328 2628 ir.
2348 2573 2375 2640 8,

1496 2641 1540 2706 15,
1559 2641 1575 2694 3
1594 2643 1640 2708 (ex
1660 2659 1732 2696 anno
1751 2644 1807 2712 54).
1846 2643 1922 2701 Quo
1942 2644 1996 2696 die
2014 2643 2102 2696 baec
2121 2645 2268 2713 scripsi,
2287 2645 2373 2696 Dru·

1494 2727 1554 2765 sus
1572 2718 1650 2764 eret
1670 2711 2049 2782 de'praerorieatione
2066 2731 2083 2765 a
2100 2713 2256 2767 tribunis
2274 2729 2374 2765 sere·

1495 2781 1560 2834 riis
1584 2779 1792 2846 absolutus,
1822 2783 1854 2836 in
1882 2800 2010 2836 summe
2035 2790 2207 2849 quattuor
2233 2790 2374 2836 senteu-

1496 2851 1570 2915 tlis,
1596 2865 1694 2919 quum
1714 2861 1902 2905 senatores
1919 2862 1952 2906 et
1972 2853 2111 2922 equites
2136 2853 2375 2916 damnassent,

1496 2920 1530 2972 de
1549 2936 1645 2973 caussa
1662 2919 1789 2986 Milonis,
1808 2937 1832 2974 a.
1852 2920 1886 2974 52
1904 2931 1976 2988 ecte,
1994 2923 2093 2975 Asson.
2114 2940 2140 2992 p.
2151 2922 2186 2975 53
2203 2919 2253 2976 0r.
2289 2920 2375 2975 Per·

1495 2997 1575 3042 ecte
1602 2990 1771 3058 utrinque
1801 3007 1929 3044 caussa
1956 2991 2087 3062 singull
2118 2993 2246 3060 quinos
2274 3007 2376 3044 areu·

1496 3067 1596 3110 sator
1622 3067 1654 3111 et
1681 3077 1762 3112 reus
1782 3069 1984 3126 seuetores,
2009 3061 2160 3114 totidem
2179 3062 2319 3130 equites
2344 3069 2378 3113 et

1497 3126 1657 3179 tribunos
1684 3131 1846 3182 aerarios
1865 3130 2086 3195 reiecerunt,
2109 3131 2156 3183 ite
2175 3137 2209 3184 ut
2234 3147 2320 3184 unus
2345 3139 2378 3182 et

1497 3195 1522 3250 1.
1549 3199 1754 3251 sententies
1782 3198 1945 3252 tulerint.
1989 3202 2191 3254 Senatores
2218 3202 2378 3256 conden-

1497 3265 1757 3333 naveruetXli,
1783 3265 2092 3322 absolveruuti'l.
2128 3267 2152 3324 li
2186 3271 2278 3324 uites
2297 3285 2378 3324 con-

1499 3335 1755 3391 demneverunt
1779 3335 1859 3403 Xlll,
1885 3337 2122 3392 absolverunt
2140 3287 2187 3393 Vl.
2230 3339 2379 3393 Tribuni

1498 3407 1624 3472 aerarii
1644 3408 1962 3461 condemnaverunt
1980 3407 2059 3473 Xlll‚
2077 3408 2312 3462 absolverunt
2332 3405 2379 3462 lll.

1499 3475 1533 3528 ci.
1551 3475 1666 3528 eundem
1683 3477 1827 3530 decorasse
1842 3475 1883 3529 M.
1899 3477 2001 3530 Saufeii
2016 3496 2043 3548 p.
2059 3479 2093 3531 51
2110 3475 2160 3533 Οι.
2192 3475 2301 3530 Coelius
2317 3476 2379 3546 epp.
2457 3528 2462 3539 .

1499 3545 1534 3598 ed
1552 3543 1694 3610 ieueiisi
1721 3547 1777 3599 init.
1815 3545 2091 3613 Gerteinquam,
2109 3547 2290 3601 absolutus
2309 3555 2379 3610 esta

1501 3615 1551 3684 (se.
1561 3615 1686 3667 Valerius
1696 3611 1827 3679 Messala,
1846 3615 1881 3667 de
1898 3614 1998 3669 ambitu
2017 3625 2160 3670 ascematus
2178 3635 2202 3670 a.
2217 3617 2262 3687 51)
2283 3634 2329 3670 nte
2347 3617 2380 3670 in

1500 3701 1537 3738 re
1555 3683 1733 3752 praesenti
1779 3684 2090 3740 renuntiatumest
2108 3694 2141 3738 et
2159 3685 2295 3754 (peridem
2314 3703 2380 3740 om·

1499 3753 1603 3804 nibus
1635 3701 1822 3808 ordiulltus
1855 3762 1889 3807 et
1921 3752 2075 3826 singulis
2105 3755 2139 3808 in
2169 3772 2381 3824 unoqoorue

1501 3819 1630 3876 ordine
1648 3823 1850 3878 sententiis.
1887 3821 2015 3878 iudicium
2029 3833 2119 3879 temen
2135 3823 2218 3880 liebet
2234 3843 2325 3882 serrem
2339 3841 2381 3877 um

1502 3892 1632 3945 maiorem
1651 3901 1756 3963 purtem
1776 3893 1974 3948 universorum.
2002 3894 2033 3958 V.
2049 3894 2083 3948 de
2102 3913 2199 3950 caussa
2210 3895 2251 3952 M.
2262 3894 2382 3957 Servilii,

1500 3977 1525 4014 a.
1545 3961 1577 4014 51
1598 3970 1675 4027 ecte,
1702 3959 1821 4018 Caelium
1841 3963 1866 4017 iu
1886 3982 1946 4048 epp.
1966 3964 2001 4016 ed
2019 3963 2081 4016 iem
2102 3963 2129 4027 8,
2153 3965 2179 4030 8,
2204 3967 2229 4020 3.
2265 3963 2381 4019 Mittit

1501 4030 1534 4084 in
1552 4031 1738 4086 consilinm
1758 4033 1898 4088 eosdem
1915 4033 2018 4096 elles,
2037 4034 2093 4102 qui
2111 4033 2196 4090 lites
2213 4033 2382 4088 aestima·

1502 4109 1598 4167 rant,
1634 4101 1773 4156 iudices
1804 4108 1861 4169 (sc.
1893 4101 2049 4156 Laterensis
2079 4105 2220 4173 praetor).
2274 4105 2383 4163 Quum

1503 4185 1616 4238 aequo
1635 4187 1779 4224 numero
1797 4172 2001 4226 sententiae
2019 4169 2187 4238 luissent,
2207 4172 2383 4228 Lateren-

1503 4240 1562 4304 sis,
1581 4239 1613 4294 le
1645 4241 1708 4292 esi
1738 4256 1884 4304 uorsus,
1903 4242 2173 4310 pronuntiavit,
2193 4252 2229 4296 ut
2246 4244 2382 4303 solent,

1503 4305 1600 4362 NON
1617 4257 1833 4364 bebionei.
1870 4303 2064 4378 Postquam
2084 4311 2253 4366 discessit
2271 4322 2303 4366 et
2323 4326 2384 4380 pro

1504 4375 1670 4432 absalnto
1689 4379 1860 4434 Servilius
1886 4379 2006 4433 baberi
2025 4389 2169 4450 coeptus
2187 4392 2251 4448 est,
2274 4379 2379 4452 legis·

1504 4461 1567 4512 que
1586 4461 1686 4500 unum
1711 4455 1745 4502 et
1762 4450 1990 4504 centesimum
2010 4460 2116 4522 caput
2134 4451 2236 4521 legit,
2263 4453 2296 4508 in
2315 4465 2381 4518 quo

1505 4518 1554 4570 ite
1570 4527 1662 4572 eret:
1679 4517 1778 4578 Quod
1793 4536 1906 4573 eorum
1921 4518 2065 4574 iudicum
2083 4522 2189 4574 uraior
2228 4539 2285 4576 ars
2299 4521 2385 4576 iudi·

1505 4589 1612 4652 carlt,
1629 4569 1663 4643 id
1681 4589 1734 4642 ius
1754 4597 1938 4660 ratumque
1957 4599 2049 4662 estet
2067 4591 2101 4642 in
2119 4539 2262 4645 tabulas
2281 4592 2385 4645 abso·

1504 4658 1690 4712 lateranen
1707 4659 2146 4726 retulit,ordluumiudlcie
2162 4661 2384 4732 perscripsit·

1471 4752 1786 4822 mfflmssmw

1470 4841 1509 4910 ιι>
1529 4855 1555 4895 ι,
1568 4840 1669 4892 Aaron.
1689 4839 1724 4894 ad
1744 4855 1783 4893 or.
1804 4841 1829 4892 in
1849 4847 1903 4908 tog.
1917 4835 2024 4892 candid·
2044 4855 2062 4910 p
2089 4837 2130 4892 85.
2147 4834 2194 4894 Or.
2213 4841 2253 4898 861
2268 4843 2311 4897 81.
2324 4856 2384 4909 sqq.

1473 4931 1820 5002 Mffldmbffi
