5230 6182
2041 549 2113 636 la

222 791 270 876 ad
295 793 448 893 plebem
471 788 704 894 retulissent,
731 785 888 882 eiusque
915 785 1094 880 frequens
1121 789 1225 858 esset
1250 779 1398 872 concio,
1431 781 1660 872 „turbandae
1685 781 1744 862 rei
1771 807 1902 859 caussa
1927 787 2116 885 publicani

222 936 292 1010 per
318 932 478 986 vacuum
502 907 541 982 iu
565 913 751 980 summoto
777 903 900 978 locum
926 925 1044 979 cuneo
1071 899 1311 1000 irruperunt,
1346 897 1536 997 iurgantes
1563 898 1674 974 simul
1711 925 1794 977 cum
1820 903 1961 1002 populo
1995 905 2115 979 tribu-

221 1026 391 1126 nisque.“
414 1025 463 1124 ⁰⁵)
514 1023 686 1100 Fuerunt
710 1023 782 1096 bae
809 1019 1009 1098 societates
1035 1017 1291 1094 redemtorem
1315 1039 1391 1093 nou
1418 1015 1592 1092 diversae
1619 1018 1781 1114 fumasse
1808 1020 1854 1092 ab
1880 1019 1928 1093 iis
1955 1021 2115 1096 secieto

220 1143 343 1233 tibus,
378 1165 472 1240 quae
498 1142 545 1216 ab
571 1137 839 1236 antiquissimis
871 1135 1106 1236 temporibus
1141 1141 1404 1233 occupatarum
1438 1133 1664 1210 aRomanis
1698 1145 1883 1212 terrarum
1917 1137 2116 1239 vectigalis
2225 1163 2228 1170 ·

222 1259 489 1336 conducebant
539 1256 636 1332 Nam
662 1265 701 1330 et
725 1254 837 1332 Italia
862 1264 901 1333 et
927 1251 1076 1343 Sicilia,
1113 1249 1153 1326 in
1180 1275 1252 1349 qua
1276 1275 1353 1328 non
1377 1249 1531 1326 dubium
1568 1259 1628 1326 est
1659 1263 1747 1352 post
1779 1253 1941 1353 primum
1974 1255 2114 1333 bellum

221 1376 406 1452 Punicum
432 1372 552 1450 fuisse
578 1372 818 1476 publicanos,
851 1385 932 1448 tum
956 1367 1140 1468 temporis
1168 1392 1190 1443 a
1215 1367 1384 1444 Romana
1409 1366 1552 1442 ditione
1579 1367 1816 1464 deiecerant,
1851 1373 2114 1472 publicanique

221 1493 352 1568 barum
377 1490 656 1592 provinciarum
680 1490 862 1590 pecunias
897 1512 984 1564 suas
1020 1484 1103 1563 aliis
1135 1485 1300 1584 negotiis
1334 1509 1517 1585 occupare
1547 1487 1786 1586 cogebantur.
1837 1488 1964 1566 Finito
1991 1502 2116 1568 autem

219 1610 324 1684 bello
349 1617 550 1710 postquam
574 1607 819 1707 quadraginta
844 1607 925 1683 fere
953 1624 1133 1680 annorum
1160 1603 1295 1703 spatio,
1322 1601 1385 1701 qui
1411 1603 1510 1678 inter
1535 1603 1674 1680 bellum
1700 1604 1883 1680 Punicum
1912 1609 2115 1686 secundum

221 1723 449 1822 tertiumque
474 1722 724 1815 intercedunt,
755 1726 802 1800 ad
828 1721 995 1800 Siciliam
1020 1730 1132 1819 atque
1159 1719 1371 1799 Sardiniam
1395 1743 1517 1796 norae
1543 1720 1762 1820 provinciae
1786 1721 1985 1823 Hispania,
2011 1727 2115 1822 Asia,
2161 1829 2164 1836 Ι

221 1839 463 1932 Macedonia,
496 1842 647 1934 Africa,
680 1842 823 1916 Achaia
847 1847 1105 1928 accesserunt,
1139 1837 1251 1914 sicuti
1275 1836 1475 1937 vectigalia
1498 1838 1608 1914 nervi
1634 1837 1864 1940 reipublicae
1890 1841 2114 1936 factasunt,

223 1959 278 2034 sic
316 1958 350 2034 is
390 1943 503 2050 ordo',
543 1960 607 2056 qui
646 1959 848 2032 exercebat
884 1957 969 2050 illa,
1010 1955 1285 2034 firmamentum
1324 1965 1533 2032 ceterorum
1574 1955 1745 2031 ordinum
1784 1981 1869 2032 esse
1908 1961 2045 2060 coepit
2064 1959 2112 2061 ⁹⁸)

222 2075 396 2174 Longum
423 2086 482 2150 est
508 2085 547 2149 et
572 2097 911 2175 supervacaneum,
945 2097 1018 2172 qua
1044 2073 1178 2150 fraude
1204 2082 1243 2147 ct
1268 2073 1308 2146 in
1334 2069 1593 2173 opprimendis
1625 2073 1830 2176 provinciis
1864 2077 2006 2152 verssfi
2038 2077 2114 2154 sint

223 2189 424 2292 publicani,
451 2215 524 2290 quo
551 2190 684 2266 fenore
709 2190 890 2290 pecunias
915 2200 1113 2290 congestas
1139 2190 1179 2266 in
1204 2189 1299 2290 ipsis
1324 2188 1531 2289 provinciis
1553 2189 1827 2284 auctitaverint,
1853 2194 2024 2293 pluribus
2046 2219 2114 2271 crt-

224 2307 387 2410 plicare,
418 2309 644 2408 praesertim
670 2331 782 2406 quum
810 2310 859 2385 ab
882 2310 952 2383 bac
977 2317 1086 2408 peste
1113 2309 1216 2383 nulla
1240 2307 1323 2382 lere
1350 2315 1521 2382 veterum
1548 2307 1739 2384 civitatum
1765 2309 1884 2386 libera
1910 2311 2045 2388 saeua
2064 2313 2112 2413 ⁹²)

223 2451 310 2502 eum
342 2436 468 2502 tamen
502 2426 595 2501 baec
627 2426 788 2500 avaritia
822 2424 964 2501 exitum
997 2423 1148 2515 babuit,
1189 2435 1232 2498 ut
1264 2433 1457 2500 crescente
1496 2425 1678 2524 pecuniae
1717 2425 1826 2526 copia
1858 2427 1971 2504 etiam
2009 2431 2113 2505 vires

224 2567 354 2618 eorum
393 2551 503 2639 atque
538 2540 740 2618 auctoritas
775 2551 814 2616 et
847 2529 990 2616 Romae
1025 2547 1065 2614 et
1096 2539 1136 2616 in
1170 2538 1376 2640 provinciis
1410 2552 1656 2639 augerentur,
1694 2567 1808 2640 quum
1841 2544 2115 2646 locupletarent

224 2659 374 2750 amicos,
399 2657 593 2734 mitterent
617 2659 657 2734 in
681 2656 873 2757 negotium
898 2665 1011 2754 atque
1037 2682 1172 2757 operas
1199 2657 1402 2758 plurimos,
1427 2657 1555 2732 multis
1582 2658 1742 2760 benigne
1768 2660 1955 2755 facerent,
1982 2665 2115 2758 darent

223 2787 371 2875 partes,
410 2775 610 2850 crederent
635 2774 807 2874 populis,
842 2771 967 2850 usuris
991 2773 1206 2873 provincias
1233 2774 1495 2866 exhaurirent,
1521 2787 1570 2852 «ct
1593 2776 1647 2851 ita
1672 2769 1827 2876 gratiosi
1860 2778 1900 2854 iu
1933 2781 2011 2856 suis
2044 2781 2114 2856 tri·

223 2893 356 2983 bubus,
382 2890 483 2966 inter
508 2891 760 2993 provinciales
787 2893 988 2992 pollentes,
1015 2902 1055 2964 ct
1078 2891 1240 2983 Rornae,
1266 2891 1348 2966 sive
1374 2891 1415 2966 in
1440 2891 1679 2992 perferendis
1703 2895 1862 2994 legibus,
1888 2896 1971 2972 aiva
1997 2898 2115 2997 magi-

222 3007 402 3085 stratibus
428 3009 612 3101 creandis,
625 3008 673 3108 ⁹⁸)
700 3008 783 3084 sive
810 3006 1088 3109 supprimendis
1115 3007 1309 3084 cuminum
1333 3030 1484 3086 suonam
1505 3009 1758 3106 querimoniis,
1784 3035 1925 3106 eorum,
1953 3039 2045 3113 quos
2067 3039 2116 3092 ex

223 3123 385 3225 negotiis
419 3125 578 3224 privatis
613 3127 797 3202 obnoxios
823 3126 1027 3215 habebant,
1063 3149 1180 3225 opera
1204 3133 1420 3217 uterentur,
1459 3124 1562 3201 etin
1595 3127 1802 3224 provinciis
1835 3130 2114 3228 magistratibus

223 3241 403 3320 Romanis
441 3241 622 3342 dignitate
657 3243 820 3343 proximi
851 3254 992 3322 essent.
1054 3242 1174 3318 Sicuti
1207 3266 1299 3316 vero
1332 3239 1550 3342 provinciae
1584 3240 1687 3316 vires
1719 3244 1926 3341 publicanis
1944 3247 2114 3340 dedere,

224 3359 279 3434 sic
305 3360 353 3438 ad
377 3383 469 3460 quas
502 3359 733 3457 reipublicae
765 3371 895 3462 partes
928 3361 1111 3442 iuvandas
1143 3360 1212 3436 has
1245 3356 1347 3434 iiras
1381 3357 1615 3449 conferrent,
1647 3359 1925 3460 provinciamm
1953 3364 2114 3440 maxime

223 3475 369 3554 ratione
394 3475 660 3577 praestitutum
686 3483 757 3552 est.
1481 3513 1483 3518 ·

226 3860 264 3925 a)
282 3857 342 3914 La„
360 3862 411 3926 25,
428 3859 454 3916 3,
1111 3843 1115 3852 '
1237 3857 1671 3930 celeumatnegewaeanaa.
1685 3859 1780 3930 rrae
1796 3861 2113 3934 trauandans.

228 3943 264 4012 aa)
286 3941 383 3996 epm„
401 3961 442 4014 pt.
460 3945 513 4014 103⁴
533 3940 629 3996 Manu·
648 3957 671 3998 c:
690 3944 715 3998 7·
1238 3934 1271 3983 oi
1289 3932 1318 4017 di
1335 3933 1423 3988 tanate
1438 3932 1584 4017 λεγόμενοι,
1602 3932 1649 3998 τήν
1663 3932 1714 4003 μὲν
1730 3931 1836 4018 rifitqrtw
1846 3935 1898 4020 poi·
1913 3938 1998 4006 δῆμον
2013 3939 2058 3990 καὶ
2072 3938 2116 4003 τῆς

229 4037 265 4106 ⁹³)
285 4033 349 4088 Non
367 4035 455 4090 solum
474 4036 603 4104 Athenis,
631 4039 681 4092 sed
700 4039 726 4092 ln
745 4037 867 4092 omnibus
886 4038 1040 4093 civitatibus
1059 4041 1142 4096 Grae·
1237 4003 1328 4084 mii
1342 4001 1422 4066 imi
1436 4003 1554 4070 ‘HNP'
1572 4001 1789 4054 &mmmm
1801 4005 1950 4068 “mm‘'
1965 4011 2116 4112 'nima‘

262 4105 310 4170 cis,
328 4122 416 4175 neque
432 4107 518 4161 minus
535 4107 561 4160 ln
579 4108 611 4161 ils
627 4109 727 4178 regnis,
764 4124 814 4160 uae
833 4105 1073 4165 eMacedonicor
1107 4129 1143 4166 no
1237 4073 1726 4211 {wyizzgffiyffi’gffflzigffl'
1739 4089 1791 4193 :33
1809 4078 2116 4214 ζῗξζζῦςᾝῗξώᾞε

264 4241 308 4296 lic
327 4245 440 4312 provinc
452 4247 473 4298 ts
492 4247 622 4300 Romanis
640 4264 666 4300 v.
687 4248 741 4303 Cic.
760 4247 838 4334 Vera
857 4249 888 4314 2,
916 4251 947 4315 2,
970 4251 1002 4336 ³3
1021 4254 1044 4307 7.
1082 4251 1143 4306 Sic
1238 4208 1416 4346 imiza?
1436 4213 1563 4331 ἯἬξ
1583 4207 1886 4348 οξὲῗὲᾞῑξὲᾜῖᾗὲ,
1901 4213 2116 4354 ῗῃὶῗὲξθῗᾶῃῗ

263 4315 1080 4460 Kfnffssomugga?ffi'k‘ifcgzlffiunsseffi'gulzlg
1108 4331 1144 4444 gi
1239 4363 1351 4444 cauum,
1395 4346 1509 4400 uiordo
1527 4357 1628 4434 quanto
1647 4347 1802 4402 adiumento
1821 4349 1855 4404 sit
1873 4351 1900 4404 in
1919 4350 2038 4450 bonore,
2058 4357 2117 4424 quis

851 4429 859 4453 ν
1085 4409 1102 4464 ὅ
1238 4417 1342 4472 nesciit
1402 4416 1445 4471 los
1467 4417 1536 4470 esim
1556 4425 1673 4486 equitum
1683 4417 1770 4482 Rom,
1789 4430 1973 4476 ornamentum
1992 4423 2118 4488 cititatis,

263 4453 382 4505 tiator
400 4449 485 4505 odio
503 4453 559 4505 alt.
597 4453 634 4507 ld.
653 4473 694 4524 ep.
714 4456 749 4510 ad
769 4455 803 4514 Q.
823 4457 899 4542 irotr.
920 4464 944 4524 l,
965 4461 1006 4526 ll,
1024 4463 1066 4516 33.
1096 4459 1145 4546 ¹.¹.¹³
1238 4485 1437 4542 mmmm
1461 4485 1625 4556 „ppugpm
1649 4485 1851 4556 mmmmm
1877 4491 1972 4545 ofgpng
1999 4495 2117 4548 confine,

264 4537 360 4576 cerussa
379 4520 583 4590 publicanorum
603 4532 730 4594 quantam
749 4525 924 4581 acerbitatem
941 4527 1036 4583 aderat
1054 4547 1145 4598 soors,
1239 4565 1289 4610 Μ,
1327 4556 1396 4615 Qut,
1421 4566 1463 4610 aaa
1485 4555 1579 4628 igitur,
1606 4558 1651 4626 qni
1675 4573 1709 4610 nc
1728 4566 1770 4623 et,
1798 4559 1901 4615 ordinis
1925 4562 1982 4616 eius
2001 4562 2116 4618 studium

263 4589 440 4676 intelleximus
466 4605 499 4646 ex
525 4591 643 4658 civibus,
667 4593 711 4662 qut
737 4610 823 4678 pauper
847 4596 873 4649 ln
900 4601 1028 4666 portoriis
1054 4589 1146 4686 ltaliae
1239 4625 1323 4680 ΜΝ
1340 4627 1366 4680 ῑῃ
1385 4626 1492 4681 pm„
1509 4627 1614 4681 pmcn
1632 4575 1786 4699 ,qnsuilmp
1822 4629 1920 4702 Neque
1937 4633 2046 4686 Mum,
2072 4633 2116 4686 ,οι

264 4659 404 4726 tollendis,
430 4677 484 4716 non
509 4667 564 4716 tant
591 4663 626 4715 de
645 4671 781 4731 portorto,
805 4683 885 4734 quam
903 4665 939 4720 de
957 4669 1089 4722 nonnullas
1107 4687 1145 4723 tn·

262 4729 338 4781 purg„
420 4732 427 4746 ·
1118 4741 1125 4755 .
1239 4696 1313 4766 qood
1337 4705 1397 4749 erat
1420 4706 1501 4766 pater
1523 4697 1561 4761 is,
1590 4697 1635 4766 qui
1660 4707 1702 4751 est
1720 4697 1846 4782 princeps
1864 4703 1916 4754 iam
1936 4701 1981 4754 diu
2000 4701 2117 4770 publica·

356 4741 518 4798 mmmmm
536 4733 726 4802 quer‘bumm'
763 4733 857 4792 Qum
877 4753 931 4790 '¹⁰¹¹
949 4736 1062 4806 ,ΨΜ
1082 4740 1145 4808 ‘¹⁰¹⁶
1241 4781 1351 4820 uorum:
1379 4766 1424 4820 vel
1451 4766 1523 4836 quod
1551 4768 1575 4821 is
1599 4766 1636 4820 ab
1660 4769 1743 4820 socits
1770 4769 1848 4822 urtice
1872 4769 1918 4821 diii
1938 4769 2045 4837 ebatur,
2073 4773 2117 4826 vei

264 4799 345 4851 sociis
369 4800 476 4854 accidat
493 4803 521 4856 in
539 4802 638 4856 ultimis
657 4804 750 4869 terris,
774 4819 855 4874 quum
873 4805 1006 4860 audierint
1023 4807 1050 4860 ln
1068 4807 1146 4864 ltalia
1240 4835 1313 4906 quod
1340 4835 1541 4906 dffiggmpfflme
1567 4835 1696 4908 rogabat,
1722 4866 1758 4878 ,,
1774 4867 1809 4878 ,,
1829 4867 1859 4877 ,,
1886 4787 1937 4892 ,ei
1955 4841 2018 4908 quq,
2041 4839 2120 4898 quq„

265 4865 390 4937 ‘lumb'
409 4869 515 4924 cilium·
1239 4905 1323 4975 ipsius
1348 4905 1373 4958 ln
1397 4906 1469 4958 iilum
1488 4905 1610 4959 ordinem
1629 4923 1731 4959 summa
1750 4905 1841 4958 cilicia
1860 4917 2021 4975 quaesturae
2039 4909 2120 4966 tribu·

231 4961 267 5030 ⁹⁸)
287 4960 378 5019 Quam
404 4963 512 5034 negotia
536 4965 645 5034 privata
669 4968 819 5036 potentiam
838 4967 968 5023 divitibus
983 4969 1145 5039 addiderint,
1241 4983 1374 5044 natusque
1397 4976 1576 5029 eoasmbaatr
1604 4978 1649 5032 vai
1668 4974 1741 5044 qaod
1759 4975 1797 5028 titt
1816 4977 1843 5028 tn
1861 4975 1914 5030 boc
1933 4979 2058 5034 ornando
2077 4999 2119 5036 or·

265 5028 430 5086 luculentum
456 5030 539 5087 docet
557 5033 650 5090 Crassi
678 5038 836 5109 exemplum
862 5055 907 5111 sp.
925 5039 994 5094 Sall.
1021 5041 1145 5101 Cottius.
1241 5045 1304 5100 dine
1322 5061 1353 5097 se
1370 5061 1468 5098 ornare
1484 5053 1512 5098 et
1529 5046 1672 5100 consuere
1692 5045 1782 5099 liberis
1800 5047 1855 5101 suis
1873 5048 2084 5107 arbitrabantur.

1656 5138 1704 5204 3*

263 4175 432 4242 exstiterant,
442 4175 581 4298 publicani
593 4175 699 4231 fuerunt
723 4194 756 4231 v.v
788 4177 868 4232 iicitb.
878 4179 999 4234 Staatsh.
1011 4184 1035 4236 l.
1045 4197 1071 4252 p.
1100 4184 1142 4238 ἥδ.
