5254 6186
524 757 651 850 donet,
677 756 755 831 rel
780 763 829 829 ut
856 751 1100 852 equestris
1128 752 1316 829 ordinis
1342 751 1487 828 fiam
1539 751 1725 854 Ulpianus
1751 753 1788 846 7,
1825 753 1844 828 l
1874 755 2032 830 eandem
2057 757 2179 856 legem
2207 756 2259 832 ita
2284 783 2418 854 conce-

524 875 646 975 perits‘
669 873 924 965 „Concessum
951 878 1010 946 est
1034 871 1195 964 mulieri,
1221 872 1261 946 in
1282 873 1354 946 hoc
1379 871 1520 946 donare
1547 870 1630 944 niro
1653 895 1734 962 suo,
1762 879 1804 944 ut
1822 868 1855 943 is
1883 873 1928 944 ab
1954 870 2181 972 imperatore
2208 875 2284 949 lato
2312 877 2417 954 clavo

526 993 602 1068 vel
637 1015 754 1089 equo
781 988 976 1089 publico
1003 988 1288 1063 honoretur:
1322 987 1410 1062 inde
1438 987 1569 1080 etiam,
1607 1012 1700 1086 qnae
1726 985 1933 1062 Dositheus
1961 989 2113 1089 scripsit
2138 991 2163 1064 l.
2190 992 2236 1066 λι
2263 1011 2313 1072 Δι’
2342 1005 2418 1072 ἐπι-

524 1108 681 1174 σιολιτὶἱοο
708 1107 870 1182 αῒτοῦντές
897 1127 999 1181 τινος,
1028 1105 1112 1168 εἶναι
1141 1101 1226 1193 αὐτῷ
1248 1108 1441 1193 περιουσίαν
1470 1102 1647 1190 ἱππικῆς
1676 1101 1811 1182 ἇξὶοις,
1841 1103 1925 1170 ἀλλ’
1954 1107 2022 1172 ὅτε
2053 1113 2190 1172 ἱππον
2217 1107 2419 1194 δημόσιον

524 1221 671 1315 ᾐτεῖτο,
703 1223 1004 1311 πορολκὶιιμμένον
1037 1220 1133 1286 αὐτὸν
1155 1223 1258 1286 strat·
1294 1207 1427 1306 quibus
1456 1206 1547 1280 locis
1575 1206 1735 1306 dignitas
1763 1208 1947 1304 equestris
1978 1211 2023 1282 ab
2049 1210 2192 1283 honore
2227 1208 2313 1307 equi
2329 1301 2331 1306 ι
2347 1233 2418 1309 pu-

526 1326 613 1402 blici
638 1353 714 1402 non
740 1323 990 1424 distinguitur.
1032 1325 1138 1398 Idem
1164 1327 1367 1400 tenendum
1394 1325 1434 1400 in
1459 1324 1570 1398 buius
1598 1323 1683 1397 aevi
1710 1322 1968 1424 scriptoribus.
2008 1325 2104 1399 Nam
2129 1325 2276 1416 Livius,
2303 1350 2418 1424 quan-

525 1469 634 1542 quam
668 1453 707 1518 et
739 1441 773 1516 is
805 1465 1068 1538 nonnunquam
1104 1441 1246 1515 ordinis
1272 1442 1422 1517 nomine
1448 1440 1626 1540 intelligit
1653 1439 1817 1538 equitum
1844 1449 2004 1532 turmas,
2023 1439 2072 1540 33)
2106 1450 2231 1516 tamen
2253 1440 2295 1515 id
2327 1441 2419 1516 facit

525 1561 692 1637 scribens
719 1561 906 1634 derebus
934 1567 1018 1632 ante
1046 1557 1271 1650 Gracchum,
1299 1559 1339 1634 in
1365 1559 1511 1657 quibus,
1535 1557 1626 1657 quid
1653 1556 1745 1631 ordo
1772 1555 2011 1655 significaret,
2039 1556 2191 1631 dubium
2218 1583 2292 1632 non
2318 1568 2419 1652 erat;

526 1703 597 1754 nec
622 1677 706 1752 fieri
731 1675 881 1777 potuit,
909 1685 950 1749 ut
976 1675 1023 1748 de
1050 1676 1120 1750 hac
1145 1701 1188 1749 re
1215 1673 1348 1749 incerti
1374 1685 1513 1768 essent,
1540 1673 1602 1773 qui
1628 1675 1787 1748 llorente
1815 1672 1945 1748 ordine
1972 1673 2159 1749 viverent.
2178 1673 2226 1774 ³⁴)
2279 1675 2420 1749 Contra

524 1795 588 1894 qui
607 1791 808 1870 'Hadriano
835 1791 1067 1892 posteriores
1095 1801 1202 1884 sunt,
1228 1791 1302 1866 Dio
1330 1793 1501 1884 Cassius,
1535 1788 1797 1880 Herodianus,
1824 1788 2077 1888 historiaeque
2103 1793 2297 1892 Augustae
2325 1791 2418 1866 scri-

524 1923 672 2012 ptores,
709 1934 825 2006 quum
859 1910 905 1983 de
945 1934 1012 1983 sua
1051 1918 1172 1983 aetate
1208 1918 1340 2008 agunt,
1380 1908 1549 1984 ordinem
1586 1905 1801 2006 intelligunt
1834 1931 1938 1997 eum,
1979 1906 2041 2006 qui
2074 1915 2153 1982 tum
2192 1909 2296 1982 solus
2334 1908 2417 2000 fuit,

525 2027 691 2127 equitum
717 2051 813 2123 equo
840 2026 1009 2126 public03
1036 2051 1166 2124 quum,
1194 2025 1362 2124 antiquas
1389 2050 1450 2098 res
1476 2033 1759 2125 persequentes,
1786 2025 1832 2097 ab
1859 2025 1990 2099 barum
2016 2023 2229 2098 auctoribus
2256 2051 2418 2100 comme-

525 2154 708 2220 moratum
739 2141 911 2216 ordinem
944 2142 1190 2232 invenerunt,
1233 2167 1309 2216 non
1335 2140 1525 2216 diuersum
1558 2142 1657 2214 hunc
1688 2141 1737 2214 ab
1765 2165 1830 2230 eo,
1864 2166 1974 2239 quem
1999 2141 2075 2240 ipsi
2108 2141 2300 2236 viderant,
2333 2144 2417 2242 rati,

526 2263 660 2339 eodem
685 2259 835 2334 nomine
861 2270 1057 2358 repetunt3
1095 2258 1295 2333 maximum
1323 2283 1415 2332 vero
1458 2257 1648 2356 negotium
1680 2255 1893 2357 legentibus
1921 2257 2120 2350 exhibent,
2158 2283 2269 2357 quum
2294 2261 2417 2338 miuus

526 2380 727 2479 diligenter
757 2385 931 2450 auctores
966 2401 1055 2450 suos
1090 2375 1323 2467 exscribunt,
1356 2376 1406 2449 de
1433 2374 1564 2448 ordine
1591 2371 1778 2464 dicentes,
1818 2372 1882 2446 ubi
1907 2372 1964 2448 illi
1991 2375 2037 2448 de
2074 2375 2258 2473 equitibus
2295 2403 2352 2476 eq.
2378 2405 2415 2478 p.

526 2495 640 2573 locuti
667 2502 793 2581 erant,
832 2503 896 2566 aut
920 2492 1062 2566 ordinis
1089 2517 1225 2566 nomen
1258 2490 1512 2590 negligentius
1544 2488 1901 2590 praetermittentes.
1961 2489 2037 2564 His
2062 2491 2177 2586 locis,
2218 2517 2312 2593 quae
2349 2521 2414 2569 ne-

526 2627 648 2692 terum
682 2608 832 2686 traditio
860 2609 993 2700 suerit,
1028 2608 1294 2685 difficillimum
1320 2634 1434 2709 saepe
1459 2607 1618 2684 inreutu
1645 2615 1714 2680 est.
1731 2604 1780 2706 33)

530 2917 567 2983 υ)
586 2911 647 2966 nv.
665 2913 692 2976 o,
710 2909 752 2963 as.
788 2911 832 2974 οι,
851 2911 894 2974 ου,
911 2911 936 2965 o.
969 2909 1041 2977 πρε.
1060 2912 1104 2972 οι,
1127 2871 1209 2972 rac.
1243 2907 1338 2961 vuer.
1355 2907 1434 2960 max.

561 2988 588 3049 2,
600 2983 626 3048 9,
639 2985 664 3038 7.
683 2979 717 3034 V.
728 2995 779 3032 nos
791 2996 817 3048 p.
833 2981 865 3034 14
875 2997 916 3048 sq.
941 2977 997 3032 lun.
1011 2977 1197 3032 Gracchanum
1209 2994 1254 3046 ep.
1267 2976 1338 3031 Plin.
1351 2977 1396 3043 33,
1409 2980 1434 3033 9.

527 3089 564 3156 ⁸⁴)
578 3087 646 3140 llinc
659 3091 710 3168 pst,
722 3083 794 3152 qnod
808 3083 881 3152 apud
892 3081 1035 3166 losepbnru
1048 3085 1139 3153 τάγμα
1150 3081 1257 3166 innoxie
1270 3080 1338 3150 ordo
1353 3097 1435 3150 eque·

560 3153 796 3296 {tentent
822 3171 866 3278 ii.
881 3149 1309 3275 115117515191333
1337 3166 1437 3218 ⁰⁰¹⁹¹¹⁸

528 3333 565 3399 ³⁸)
582 3328 622 3382 Ut
645 3328 680 3380 de
699 3327 791 3380 Dione
815 3327 929 3394 primam
948 3324 1160 3391 itemquae
1177 3339 1266 3391 saepe
1292 3321 1438 3393 distinguat

562 3399 621 3454 τοιές
639 3400 735 3450 ἱππέας
758 3396 817 3450 τούς
842 3399 868 3451 e
893 3394 937 3458 τήν
962 3395 1066 3445 ἱππάδα
1091 3392 1204 3464 expertus
1221 3390 1370 3455 vettones,
1393 3393 1438 3444 καλ

562 3468 622 3523 τούς
639 3467 667 3517 έκ
685 3463 729 3517 τοῦ
745 3462 911 3531 βουλευτικοῦ
926 3463 1019 3533 γένους
1037 3462 1128 3517 ὄντας·
1153 3462 1211 3528 (55,
1230 3459 1259 3526 9)
1286 3461 1345 3518 τούς
1362 3465 1391 3514 έν
1408 3464 1438 3534 τῇ

561 3537 660 3591 inscide
676 3536 721 3587 eat
739 3537 767 3586 έν
784 3533 820 3603 τῷ
837 3533 1004 3602 βουλευτικῷ·
1031 3532 1089 3597 (49,
1108 3531 1155 3598 57)
1174 3531 1232 3587 τούς
1250 3535 1369 3604 προέτους
1393 3533 1439 3584 καὶ

562 3608 604 3672 τῆς
626 3605 718 3672 βουλῆς
735 3603 836 3666 καὶτῆς
853 3602 982 3655 ἱππάδος·
1007 3597 1074 3664 (41,
1099 3599 1134 3666 7)
1159 3601 1268 3668 copone
1285 3603 1330 3654 καὶ
1349 3603 1377 3652 ἐκ
1391 3603 1438 3665 ,τῆς

562 3677 654 3744 βουλῆς
671 3675 714 3736 τῆς
731 3691 757 3725 τι
775 3671 905 3725 ἱππάδος·
925 3667 1039 3736 (41,55)
1058 3670 1209 3738 καταλέγειν
1225 3672 1270 3722 καλ
1288 3673 1315 3728 ές
1332 3671 1378 3734 τήν
1393 3673 1437 3722 ἱπ-

562 3747 636 3798 naida
657 3744 702 3794 καὶ
727 3745 752 3796 ές
777 3740 806 3792 τὸ
823 3737 999 3805 βουλευτικὸν·
1019 3738 1088 3803 (53,
1115 3740 1164 3806 17)
1184 3741 1198 3805 't‘
1216 3741 1342 3812 γερουσία
1360 3738 1438 3804 καλοὶ

563 3817 657 3870 laneis·
677 3809 732 3877 (51,
746 3811 774 3876 4)
788 3822 921 3874 uunquam
936 3813 1024 3858 tamen
1038 3805 1175 3876 distinguit
1187 3809 1257 3860 inter
1276 3809 1392 3875 equitem
1405 3809 1438 3862 R.

564 3891 591 3934 et
616 3881 732 3948 equitem
751 3877 783 3930 n.
802 3891 872 3943 equo
897 3874 1015 3944 publico.
1052 3876 1198 3934 Quomodo
1221 3887 1350 3946 utrosque
1375 3895 1438 3930 con·

563 3949 673 4012 inridet,
698 3963 776 3999 unum
795 3945 905 4000 afferam
931 3946 1080 4014 eucarpium
1105 3945 1350 3999 luculentissimum.
1386 3947 1439 4000 lill-

563 4020 624 4072 lites
651 4015 889 4069 conscribebantur
916 4032 987 4068 anno
1013 4017 1109 4068 aetatis
1134 4014 1230 4068 XVlll.
1272 4015 1349 4068 llnnc
1374 4017 1439 4070 mill-

564 4097 649 4141 tnrem
668 4096 783 4138 aetatem
804 4086 907 4153 equites
922 4101 991 4152 equo
1009 4103 1032 4154 p.
1047 4085 1183 4148 habuisse,
1202 4101 1298 4154 perse
1314 4095 1437 4154 apparet.

534 4197 536 4204 -
565 4159 584 4212 li
603 4165 712 4222 contra,
737 4173 804 4225 qnos
823 4172 919 4208 census
938 4154 1000 4207 lecit
1019 4156 1132 4222 equites,
1152 4173 1211 4207 cum
1231 4163 1294 4224 toga
1313 4155 1382 4208 virili
1401 4156 1439 4208 di·

582 4229 692 4280 nitatem
718 4235 870 4296 equestrem
895 4233 1073 4294 sumpserunt.
1118 4225 1198 4293 Atqui
1220 4223 1370 4276 Maecenas
1395 4243 1438 4294 ap.

564 4247 682 4351 ilionem
701 4297 796 4361 59,·111.
824 4298 1028 4364 Karnie'yeotlnr
1045 4296 1074 4348 ιὶέ
1088 4296 1143 4368 χρὴ
1161 4299 1187 4352 ές
1203 4295 1254 4365 μέν
1271 4296 1318 4358 τήν
1336 4297 1441 4349 inuida

565 4367 789 4423 ὄκτυικαιδεκέτεις
812 4394 849 4406 -
867 4369 893 4422 ές
914 4367 944 4419 δέ
963 4365 993 4416 τὸ
1010 4365 1150 4438 συνέδριον
1167 4368 1439 4422 πεντεκαιεικοοιέτεις.

565 4437 593 4490 ln
613 4435 751 4496 omnibns,
770 4450 837 4501 quos
855 4435 931 4486 initio
950 4433 1067 4498 landari,
1087 4435 1153 4486 locis
1172 4436 1256 4490 ἱππάς
1273 4433 1340 4485 ordo
1360 4451 1439 4503 eque·

563 4516 620 4560 ster
639 4512 695 4566 est;
721 4501 747 4553 h.
767 4502 784 4553 l.
803 4512 898 4572 aperte
916 4504 1098 4587 intelliguntur
1123 4505 1227 4570 equites
1250 4518 1319 4569 equo
1339 4520 1364 4571 p.
1384 4503 1438 4568 rel,

565 4585 593 4628 nt
614 4573 712 4627 rectius
730 4571 833 4637 dicam,
856 4572 910 4625 Dio
930 4572 964 4624 de
983 4573 1137 4625 discrimine
1155 4572 1208 4625 hoc
1227 4589 1279 4623 non
1300 4574 1437 4642 cogite-rit.

564 4643 668 4698 Eadem
686 4659 739 4694 ros
757 4643 866 4708 antiqno
884 4658 965 4694 sensu
984 4643 1131 4696 ordinem
1151 4659 1198 4710 eq.
1215 4639 1401 4711 significanti,
1413 4647 1436 4697 7.

564 4719 590 4772 ές
621 4715 667 4780 τὴν
696 4713 800 4765 ἱππάδα
829 4714 963 4774 καταλέξαι
988 4713 1022 4764 de
1052 4711 1282 4780 Philopoemene:
1315 4711 1365 4775 48,
1394 4713 1436 4767 33.

564 4785 660 4854 ἄνδρες
684 4785 710 4839 ές
734 4783 779 4847 τήν
797 4781 900 4833 ἱππάδα
917 4783 1060 4839 τελοῦντες·
1086 4782 1137 4843 54,
1161 4780 1185 4834 2.
1204 4784 1230 4833 οἱ
1249 4782 1437 4856 insplenduit

564 4857 747 4924 έξετειζόμενοι.
782 4852 832 4916 54,
861 4851 903 4903 39.
930 4853 956 4907 ές
985 4853 1030 4917 τήν
1059 4851 1163 4904 tanede
1191 4844 1271 4907 reddis
1298 4854 1437 4906 ἐπανιέναι.

566 4923 666 4975 (ἶοειῐπι
686 4931 787 4972 tnrnrus
806 4921 923 4988 equitum
941 4919 1076 4974 sirniiirat
1095 4920 1128 4973 ir.
1148 4919 1190 4986 33,
1209 4919 1235 4984 9,
1254 4919 1297 4974 ubi
1317 4919 1351 4973 de
1371 4921 1436 4973 'iltr-

566 4991 656 5059 quinio
675 4991 799 5058 Superbo
818 4990 928 5068 dicitur:
947 4959 990 5055 59,
1003 4993 1045 5046 43.
1064 4993 1107 5057 59,
1126 4989 1165 5042 11.
1185 4990 1437 5056 planetarum.
1467 4992 1471 5062 1

1535 2905 1583 2974 (V.
1602 2921 1628 2976 p.
1647 2903 1689 2959 tt.
1710 2913 1764 2960 not.
1783 2903 1840 2976 99.)
1877 2907 1921 2971 79,
1939 2909 1965 2963 9.
2001 2903 2090 2960 Etiam
2108 2907 2144 2960 rt
2162 2909 2256 2969 τέλος
2273 2913 2335 2966 τοῖν
2353 2913 2415 2966 in*

1532 2981 1644 3041 πέπον,
1670 2979 1703 3030 οἱ
1721 2981 1840 3034 inuris
1857 2977 1915 3031 τοῦ
1932 2979 2062 3040 τέλους,
2090 2977 2230 3042 vitands
2249 2983 2284 3035 τὰ
2308 2986 2416 3048 τέλος,

1537 3045 1737 3181 31333135
1755 3045 2231 3170 tinnibunt.inliti
2244 3053 2342 3174 til
2361 3055 2414 3175 ³⁴1³

1539 3136 1618 3236 ἱίἱοιιῐοα
1631 3135 1675 3254 ξι).
1701 3203 1726 3254 p.
1736 3155 1925 3254 'intelligenda
1948 3187 1997 3248 56,
2007 3133 2064 3238 (149.
2091 3186 2135 3254 (v.
2147 3137 2270 3254 ’ppdbe
2281 3139 2396 3247 met-eqq
2405 3151 2415 3164 ι

1537 3253 1587 3318 59,
1612 3255 1637 3308 9.
1664 3269 1743 3321 quem
1766 3253 1854 3306 locum
1879 3253 1995 3322 explicui
2020 3251 2098 3306 huius
2122 3253 2181 3307 libri
2206 3276 2230 3311 e.
2251 3263 2263 3315 1
2283 3267 2340 3313 not.
2360 3261 2393 3317 33

1538 3323 1643 3388 59,11.
1673 3321 1778 3387 93,13.
1807 3323 1853 3390 (ci.
1874 3341 1899 3392 p.
1919 3327 1961 3378 97.
1981 3330 2038 3376 not.
2063 3327 2093 3380 19
2142 3327 2186 3390 74,
2202 3329 2229 3380 5.
2267 3329 2370 3384 Contra
2388 3331 2414 3384 in

1538 3389 1653 3445 historia
1673 3391 1740 3444 belli
1770 3393 1856 3444 civilis
1882 3395 1925 3458 48,
1951 3395 1985 3448 45
2011 3392 2046 3444 de
2104 3410 2186 3446 aena:
2215 3399 2364 3457 δακτυλίοις
2388 3420 2415 3455 τι

1533 3467 1646 3548 ρρυσοὶς
1663 3465 1806 3532 έιιιέσμροε,
1824 3463 1869 3517 καλ
1888 3466 1915 3520 ές
1930 3464 1961 3515 γτιέ
1986 3465 2038 3516 τῶν
2057 3467 2159 3518 ἱππέοιν
2176 3468 2246 3522 τέλος
2265 3472 2413 3541 έοέγραψε·

1538 3549 1553 3585 r.
1575 3549 1597 3583 e.
1617 3533 1643 3584 in
1663 3531 1783 3584 ordinem
1804 3539 1964 3600 equestrem.
2001 3535 2044 3599 49,
2063 3533 2112 3597 51,
2132 3535 2175 3587 ubi
2195 3543 2263 3588 errat
2282 3539 2414 3604 Sturnius,

1538 3602 1718 3670 interpretans
1744 3603 1848 3668 equites
1868 3601 2021 3654 militantes.
2057 3603 2108 3664 55,
2128 3606 2151 3656 7.
2171 3603 2361 3674 (Maecenas)
2380 3610 2416 3679 τῷ

1538 3673 1590 3726 τῶν
1608 3674 1709 3724 ἱππέων
1733 3673 1797 3724 τέλει
1814 3676 1933 3739 κατεβίω.
1968 3669 2018 3734 bl,
2043 3671 2067 3725 9.
2097 3673 2186 3727 ἱππεῖς
2205 3677 2233 3726 in
2257 3675 2303 3728 τοῦ
2326 3679 2415 3734 τέλους

1538 3743 1678 3814 τριάκοντα
1694 3743 1906 3810 έμονομᾶχησον.
1941 3739 2067 3792 Similiter
2085 3739 2134 3802 49,
2164 3739 2196 3791 12
2215 3745 2242 3794 oi
2259 3745 2414 3800 ἱππεύοντες

1539 3811 1617 3875 ἢκαὶ
1634 3811 1799 3876 pertenentes
1817 3818 1879 3862 sunt
1898 3808 1949 3862 riri
1969 3808 2071 3862 ordinis
2093 3809 2138 3861 rel
2156 3812 2288 3878 equestris
2307 3811 2351 3864 vel
2370 3829 2411 3864 se-

1539 3877 1646 3930 natorii.
1682 3877 1717 3930 ci.
1737 3881 1788 3942 99,
1815 3882 1839 3933 7.
1878 3887 1972 3931 contra
1992 3879 2101 3931 diverso
2121 3892 2200 3932 sensu
2225 3879 2260 3932 de
2278 3879 2414 3944 lilncrino,

1539 3950 1582 4012 78,
1603 3947 1642 4001 14.
1680 3948 1714 4001 ci.
1734 3950 1778 4011 48,
1798 3951 1841 4013 45,
1867 3948 1902 4001 de
1921 3965 1973 4016 qno
1992 3948 2009 4001 1.
2030 3965 2055 4001 r.
2077 3947 2153 4002 hrrins
2172 3949 2231 4002 libri
2250 3967 2272 4002 c.
2294 3949 2306 4001 l
2327 3967 2352 4002 n.
2372 3953 2414 4006 49.

1540 4016 1584 4070 De
1608 4018 1661 4069 ulio
1687 4018 1749 4069 loeo
1771 4019 1814 4082 52,
1844 4021 1873 4072 19
1900 4017 1989 4086 qrorrllo
2016 4018 2086 4070 inira
2110 4019 2221 4070 dicetur.
2259 4019 2414 4081 Suetonius,

1540 4086 1612 4156 apud
1639 4103 1717 4155 quern
1736 4087 1805 4139 ordo
1834 4097 1960 4156 eanester
1984 4090 2085 4156 septies
2103 4087 2196 4139 decies
2215 4087 2326 4158 legitur,
2356 4087 2411 4156 ple·

1540 4173 1651 4277 qumque
1669 4157 1779 4278 ιριιῐὶρρυο
1799 4173 1878 4280 seplsn
1898 4159 2003 4280 qquites
2023 4155 2412 4282 bei⁸¹¹⁷pi·¹i,¹⁹¹iii''⁰ri3bidai}

1748 4244 1865 4279 ι..
1961 4233 2071 4279 ,3.1.
2292 4243 2412 4280 rr...

1541 4243 1586 4350 ilde
1602 4242 1707 4350 labimini3
1743 4243 1848 4348 didon.
1867 4293 1909 4349 99.
1931 4230 2095 4350 ε6751219319.
2132 4241 2224 4348 blitell.
2253 4244 2307 4351 13.ι
2328 4269 2415 4350 ς1598

1541 4363 1645 4417 Contra
1672 4362 1770 4418 Octav.
1803 4369 1867 4420 ton:
1898 4365 2024 4436 (Corpus
2045 4366 2174 4437 Augusti)
2203 4384 2220 4419 a
2247 4364 2414 4418 Bovillis.

1540 4443 1708 4503 equester
1734 4434 1821 4487 ordo
1846 4438 2020 4504 suscepit.
2067 4438 2106 4506 (v.
2127 4453 2152 4504 p.
2179 4437 2234 4502 73.)
2271 4434 2355 4506 Calig.
2384 4439 2414 4491 17

1540 4503 1635 4556 dedit
1654 4503 1792 4574 epulum
1811 4507 1968 4573 equestri
1992 4505 2104 4558 ordini
2124 4506 2163 4574 (r.
2189 4522 2214 4575 p.
2234 4507 2275 4560 79.
2293 4513 2342 4558 not
2369 4504 2415 4574 91)

1540 4572 1692 4628 Claudii:
1723 4573 1900 4642 Equester
1928 4575 2013 4628 ordo
2044 4577 2096 4628 bis
2128 4583 2313 4645 patronum
2343 4591 2416 4628 eum

1539 4643 1780 4712 perferendae
1800 4661 1861 4712 pro
1879 4661 1915 4696 se
1934 4643 2133 4716 legationis
2152 4645 2263 4713 elegit
2282 4652 2321 4710 (v.
2338 4663 2363 4714 p.
2384 4648 2417 4700 79

1537 4720 1594 4765 not.
1619 4715 1683 4781 98.)
1709 4713 1731 4764 si
1751 4722 1878 4768 accurate
1901 4714 2072 4783 interpretari
2095 4713 2230 4781 volueris,
2252 4714 2417 4784 intelligendi

1538 4792 1617 4836 erunt
1644 4783 1747 4851 equites
1774 4800 1842 4850 equo
1868 4801 1895 4854 p.
1938 4783 1995 4837 Sed
2023 4782 2149 4852 quonium
2173 4782 2216 4849 bi,
2244 4799 2418 4854 quaecunque

1537 4859 1702 4989 destitit
1716 4851 2419 4992 {¹¹⁰⁷tt”‘tt.,?tt¹ttt’1:⁶⁶,tttn't‘tttttttllt}

1539 4991 1693 5044 universum
1712 4990 1835 5044 ordinem
1854 4999 2096 5046 commemoratum
2115 4992 2265 5046 invenimus
2283 4994 2324 5059 (r.
2336 5007 2360 5060 p.
2375 4995 2418 5049 79.
