5254 6186
428 451 598 600 Tao

680 745 717 820 2.
759 746 879 823 Erant
904 745 1001 821 enim
1028 748 1281 822 Romanorum
1315 745 1355 820 in
1389 745 1596 845 prouinciis
1623 745 1698 820 duo
1728 769 1887 846 genera,
1926 746 2085 821 altemm
2111 743 2311 840 nobilium,
2346 743 2412 843 qui

518 872 604 938 ante
632 865 731 940 bolla
756 864 882 940 civilia
907 865 980 939 soli
1005 864 1043 940 in
1071 862 1349 964 magistratibus
1377 874 1502 955 erant,
1537 864 1697 938 alterum
1723 862 1913 938 hominum
1940 887 2075 938 census
2103 863 2308 960 equestris,
2348 885 2411 934 so-

520 979 660 1056 ciorum
694 982 930 1081 publicorum
956 982 1214 1080 vectigalium,
1250 994 1448 1076 utrumque
1472 1003 1593 1078 rapax
1626 991 1665 1054 et
1691 1005 1864 1073 avarum,
1903 1005 1972 1055 suo
2000 982 2195 1055 commodo
2231 977 2412 1069 deditum,

519 1095 733 1196 despiciens
760 1099 1033 1199 provinciales,
1072 1100 1139 1174 sed
1166 1097 1334 1173 invidum
1359 1108 1485 1172 tomen
1511 1097 1611 1172 inter
1646 1121 1688 1172 se
1723 1097 1998 1196 diligenterque
2027 1097 2251 1187 observans,
2284 1121 2331 1172 ne
2358 1098 2413 1169 al-

520 1213 638 1288 terius
664 1213 812 1315 injuriis
839 1242 914 1293 non
939 1216 1126 1315 indigenis
1156 1257 1202 1270 ··-
1231 1240 1359 1291 eorum
1393 1216 1493 1290 enim
1518 1214 1629 1315 pauci
1656 1224 1695 1290 et
1719 1239 1768 1290 ne
1796 1214 1836 1288 bi
1868 1215 2020 1313 quidem
2054 1239 2206 1314 semper
2231 1213 2414 1288 rationem

520 1329 731 1408 habuerunt
758 1375 805 1387 -
833 1335 901 1408 sed
927 1335 1128 1408 alterorum
1154 1343 1322 1408 utrorum
1348 1332 1553 1408 commodis
1582 1331 1811 1408 efficeretur.
1829 1331 1876 1427 ⁰⁹)
1928 1329 2164 1423 Accedebat,
2198 1331 2299 1429 quod
2323 1355 2414 1429 pro-

522 1446 743 1525 sincialibus
777 1452 920 1526 nullum
954 1452 1183 1552 praesidium
1217 1462 1299 1526 erat
1324 1461 1364 1526 et
1389 1460 1519 1538 contra
1544 1448 1783 1550 publicanos,
1819 1447 1896 1524 nisi·
1918 1448 1958 1523 in
1983 1451 2209 1549 proconsule
2236 1458 2299 1522 aut
2323 1473 2414 1549 pro-

520 1577 708 1664 praetore,
735 1578 775 1642 et
800 1581 929 1644 contra
954 1567 1191 1668 magistratus
1217 1567 1426 1658 Romanos,
1452 1565 1528 1641 nisi
1551 1567 1592 1641 in
1617 1557 1846 1671 publicanis3
1880 1565 2053 1665 quodque
2080 1577 2119 1642 ct
2144 1565 2202 1640 illi
2226 1565 2415 1641 interdum

520 1679 667 1781 iniquas
694 1686 911 1761 motiones
939 1711 1113 1762 coercere
1141 1687 1386 1777 conabantur,
1415 1675 1456 1758 et¹
1479 1684 1537 1776 hi,
1572 1683 1864 1782 quotiescunque
1894 1683 2089 1783 praesides
2122 1683 2414 1784 repetundarum

522 1812 796 1894 accusarentur,
822 1802 1047 1878 testimoniis
1074 1804 1152 1878 suis
1179 1814 1325 1878 actores
1351 1825 1505 1877 caussae
1531 1801 1719 1875 iuvabant.
1770 1801 1899 1876 Veluti
1926 1800 2066 1892 Asiam,
2097 1825 2205 1898 quae,
2232 1823 2415 1901 oppressa

523 1917 667 2006 fenore,
696 1920 852 1994 avaritia
879 1929 918 1994 et
944 1919 1162 1996 crudelitate
1189 1921 1472 2021 publicanorum
1496 1941 1617 2020 paene
1644 1916 1783 1992 afflicta
1808 1916 1881 1992 iam
1903 1926 2013 2016 atque
2034 1943 2193 2010 eversa,¹
2206 1916 2415 1992 Mithridati

444 2076 452 2088 ν
488 2037 489 2042 ’
522 2043 603 2108 tota
636 2060 678 2109 se
705 2037 879 2128 dederat,
901 2038 964 2136 ¹⁰⁰)
999 2039 1103 2114 linito
1129 2038 1232 2120 bollo
1258 2037 1390 2112 fenore
1417 2032 1676 2133 circumstipto
1711 2033 1840 2108 levare
1874 2047 1913 2109 et
1938 2040 1983 2110 ab
2010 2034 2227 2112 imminente
2260 2034 2416 2111 interitu

523 2176 704 2228 revocare
726 2177 838 2228 ausus
860 2165 918 2230 est
931 2155 1125 2230 Lucullus.
1142 2153 1207 2254 ¹⁰¹)
1246 2155 1398 2255 Quippe
1421 2152 1519 2227 filios
1544 2176 1633 2225 suos
1654 2151 1826 2249 filiasque
1847 2151 2013 2252 uirgines
2036 2156 2105 2229 sub
2126 2178 2264 2227 corona
2283 2151 2415 2227 venire

525 2267 709 2362 siderant,
736 2270 818 2371 rapi
840 2299 861 2346 e
882 2273 1034 2371 templis
1055 2270 1222 2363 donaria,
1248 2273 1425 2373 picturas,
1453 2269 1650 2343 simulacra
1669 2270 1837 2359 deorum,
1864 2267 1911 2342 ad
1938 2277 2148 2344 extremum
2173 2268 2311 2345 addicti
2333 2295 2416 2344 cre·

525 2385 720 2479 ditoribus,
747 2387 822 2490 ipsi
846 2391 885 2465 in
914 2388 1134 2464 servitutem
1162 2390 1263 2463 ducti
1284 2399 1401 2463 erant.
1440 2387 1501 2461 Ad
1522 2387 1615 2461 hacc
1637 2386 1759 2461 omnia
1779 2384 2166 2486 genera'cruciatuum
2188 2411 2230 2462 ac
2249 2397 2416 2461 tormen-

525 2512 660 2596 torum,
687 2517 729 2581 ut
749 2508 812 2580 vel
840 2507 1004 2582 servitus
1030 2509 1203 2594 levamen
1228 2507 1408 2580 malorum
1429 2506 1642 2579 haberetur.
1682 2504 1777 2579 Tam
1799 2503 1957 2604 perditis
1983 2505 2096 2578 rebus
2123 2529 2234 2602 quum
2262 2513 2301 2578 et
2326 2527 2416 2578 con-

524 2619 655 2697 stituto
682 2625 792 2698 modo
817 2623 961 2699 fenoris
988 2634 1031 2722 et
1051 2625 1198 2698 sublata
1223 2632 1329 2722 parte
1355 2645 1551 2698 usurarum
1572 2627 1744 2694 veterum
1766 2620 2017 2710 subvenisset,
2042 2620 2200 2722 Romam
2220 2645 2417 2698 reversum

526 2738 715 2835 publicani
736 2739 868 2838 stipsi
890 2741 1089 2817 Lucullum
1109 2739 1337 2815 infamabant
1358 2749 1396 2814 et
1419 2737 1590 2812 homines
1616 2735 1795 2833 quosdam
1816 2740 2019 2837 populares
2040 2738 2199 2838 pecunia
2219 2751 2417 2840 corruptos

526 2863 655 2928 contra
680 2855 789 2930 illum
811 2855 1024 2932 incitabant.
1075 2859 1155 2932 Per
1179 2857 1397 2957 publicanos
1424 2854 1591 2952 aliosque
1619 2853 1660 2930 in
1684 2852 1814 2930 Africa
1840 2857 2075 2956 negotiantes
2109 2853 2323 2931 criminatus
2358 2866 2418 2932 est

525 2969 668 3047 Marius
688 2972 835 3048 Metelli
855 2973 1128 3066 lentitudinem,
1154 2974 1337 3050 trahentis
1358 2975 1431 3048 iam
1452 2971 1491 3047 in
1513 2971 1664 3046 tertium
1686 2996 1820 3049 annum
1845 2973 1996 3064 bellum,
2023 2982 2061 3048 et
2081 2975 2287 3048 naturalem
2301 2959 2415 3050 nobi·

524 3086 643 3166 litatis
669 3093 894 3190 superbiam.
913 3089 977 3191 ¹⁰²)
1015 3086 1136 3163 Iidem
1158 3101 1276 3168 testes
1297 3090 1523 3166 exstiterunt
1544 3099 1673 3162 contra
1690 3085 1886 3164 Catilinam
1908 3092 2197 3190 repetundarum
2219 3115 2268 3165 ex
2288 3093 2418 3166 Africa

525 3209 766 3304 postulatum,
793 3210 1020 3306 eosdemque
1040 3207 1238 3295 Gabinius,
1265 3231 1376 3303 quum
1403 3231 1435 3280 a.
1456 3205 1507 3278 54
1525 3205 1819 3305 repetundarum
1847 3216 2094 3298 accusaretur,
2122 3209 2322 3286 acerrimos
2350 3210 2415 3284 ad·

527 3324 715 3396 versarios
740 3325 880 3398 habuit.
898 3324 961 3421 ¹⁰³)
1000 3326 1109 3398 Haec
1135 3332 1174 3396 et
1199 3322 1272 3396 alia
1298 3324 1379 3398 eius
1405 3322 1553 3423 generis
1580 3324 1754 3422 exempla
1780 3323 1827 3398 ad
1853 3323 1948 3400 hanc
1974 3324 2134 3424 quidem,
2162 3326 2209 3400 de
2235 3351 2307 3425 qua
2333 3353 2415 3424 ago,

526 3449 685 3513 aetatem
707 3447 782 3513 non
803 3438 1005 3538 pertinent,
1033 3439 1101 3512 sed
1120 3450 1244 3515 tamen
1266 3438 1464 3516 simultatis
1484 3439 1583 3516 inter
1603 3440 1747 3538 equites
1768 3441 1987 3539 nobilesque
2009 3441 2282 3543 provinciarum
2302 3465 2415 3539 prae-

525 3553 626 3629 sides
653 3580 822 3632 caussam
848 3555 941 3631 salis
968 3557 1169 3631 declarant.
1220 3554 1352 3654 ltaque
1379 3557 1593 3657 praesidem
1618 3556 1671 3631 ita
1695 3556 1860 3647 versari,
1899 3569 1940 3630 ut
1966 3568 2005 3630 et
2029 3557 2238 3656 publicanis
2265 3557 2414 3634 satisfa-

526 3683 640 3764 ceret,
667 3663 890 3775 praesertim
911 3672 1072 3773 publicis
1092 3671 1189 3746 male
1210 3675 1400 3768 redemtis,
1423 3687 1460 3750 et
1482 3674 1604 3749 socios
1626 3672 1752 3772 perire
1773 3697 1849 3748 non
1870 3672 2023 3766 sineret,
2049 3673 2199 3749 divim
2220 3675 2413 3751 cuiusdam

528 3813 625 3879 esse,
652 3803 693 3866 ut
718 3790 771 3866 ait
796 3789 940 3883 Cicero,
966 3787 1117 3865 virtutis
1143 3789 1350 3868 videbatur.
1401 3791 1477 3892 Qui
1503 3792 1537 3867 si
1564 3799 1645 3869 erat
1668 3789 1830 3866 infestus
1855 3790 2076 3893 publicanis,
2101 3817 2176 3869 non
2201 3793 2312 3868 modo
2338 3816 2413 3870 nou

528 4066 565 4157 ⁴⁰⁹)
583 4086 647 4142 Non
667 4106 848 4144 commemoro
867 4091 911 4146 bic
929 4092 1043 4146 Verrem
1062 4093 1119 4147 eius
1139 4110 1173 4147 ue
1191 4090 1307 4159 slmiles,
1332 4091 1381 4148 sed
1400 4093 1436 4148 ad
1468 4095 1472 4166 Ι
1540 4095 1614 4160 dlaqc
1639 4074 1851 4164 τονδςμτπλοχρ
1877 4090 1922 4145 καλ
1947 4089 2068 4180 θεσμῶν,
2095 4081 2135 4142 οἷν
2152 4089 2196 4142 ini
2218 4090 2300 4145 πολιλν
2313 4093 2414 4167 χρόνον

562 4159 715 4214 universam
741 4159 907 4216 nobilitatem
932 4163 1057 4233 pertinuit
1080 4109 1145 4216 illud
1163 4163 1370 4234 repetundarum
1389 4165 1438 4217 crl·
1539 4165 1614 4229 ἐνδεῆ
1630 4163 1674 4227 τήν
1692 4165 1822 4232 λπαρχλαν
1847 4154 1928 4212 οὖσαν
1952 4161 2063 4230 ἄρρητοι
2086 4161 2131 4212 καλ
2153 4161 2259 4214 ἄπιστοι
2282 4163 2417 4233 decuplae

561 4245 622 4282 men
642 4228 676 4282 cl.
697 4228 791 4284 Druso.
811 4233 844 4298 3,
862 4234 905 4290 86.
923 4235 965 4289 89.
984 4231 1075 4286 Etiam
1094 4232 1191 4288 Cicero
1211 4234 1341 4306 Appium,
1359 4251 1438 4304 quem
1539 4237 1670 4300 κατεῖχον,
1690 4229 1741 4284 ons
1758 4233 1809 4280 τῶν
1825 4231 1940 4284 τελωνῶν
1952 4233 1997 4281 καὶ
2010 4231 2061 4282 τῶν
2072 4231 2217 4284 δανιοοτῶν
2230 4237 2415 4306 πορθουμένην

560 4298 650 4351 multis
677 4299 744 4353 locis
773 4310 887 4358 testatur
914 4311 998 4357 lotam
1022 4302 1080 4356 lere
1104 4305 1273 4374 provinciam
1299 4305 1438 4367 mersisse,
1538 4303 1583 4354 καὶ
1608 4299 1877 4374 ἀνδραποδιζομένην,
1901 4301 2060 4368 πιπράσκειν
2083 4300 2141 4371 torp
2165 4302 2217 4372 μὲν
2233 4303 2303 4360 oleis
2321 4305 2414 4375 ον’πρι-

516 4384 521 4396 =
561 4380 642 4434 quum
661 4369 683 4420 le
702 4385 719 4420 a
738 4366 883 4428 Dolabella
900 4382 1088 4439 accusaretur,
1107 4390 1161 4444 ope
1180 4389 1229 4427 sus
1246 4372 1358 4438 adlusit,
1377 4373 1439 4442 qula
1538 4371 1610 4432 πιῖς,
1638 4369 1787 4438 θυγατέρας
1814 4387 1838 4420 τε
1865 4371 2021 4442 παρθένονς,
2054 4369 2169 4442 δημοσίᾳ
2195 4371 2225 4422 ‹l'
2248 4371 2414 4444 ἀναθήματα,

560 4435 619 4504 ipse
644 4435 681 4488 illi
705 4452 760 4489 uon
779 4439 899 4494 lulmlcus
918 4450 984 4496 erat.
1021 4443 1074 4498 λιιι
1091 4452 1181 4498 autem
1199 4444 1285 4513 ipsum
1304 4452 1332 4496 et
1349 4444 1438 4496 imme·
1538 4433 1653 4510 yona-ria
1672 4438 1758 4509 leporis
1769 4437 1929 4512 ἀνδριάντας
1942 4440 2177 4512 ἀναγκαζομένων·
2195 4440 2282 4498 αὐτοῖς
2301 4461 2325 4494 τε
2344 4443 2414 4500 τέλος

560 4503 613 4559 rita
636 4506 795 4575 provincius
820 4509 959 4566 calamitas
983 4528 1018 4567 ne
1040 4513 1077 4566 lta
1096 4514 1204 4582 quidem
1226 4513 1382 4566 Ciceronem
1401 4519 1438 4564 le·
1538 4511 1590 4580 pir
1606 4502 1638 4573 οἶν
1656 4509 1816 4581 προσθέτοις
1833 4511 1987 4580 γινομένοις
2006 4512 2144 4563 δουλεύειν.
2162 4526 2186 4560 a.
2203 4510 2264 4564 al.
2291 4507 2335 4564 De
2354 4529 2414 4580 pro·

562 4575 655 4646 tigisse
673 4575 814 4643 ridentur,
840 4589 868 4632 m
885 4582 942 4635 elus
960 4584 999 4636 τοι
1023 4583 1185 4636 mentionem
1210 4582 1360 4636 factendam
1378 4597 1440 4634 csse
1538 4578 1688 4631 vinciamur
1714 4576 1869 4631 calamitate
1888 4578 1922 4632 cl.
1941 4575 2104 4649 Hegeaisclr
2123 4567 2202 4632 Uber
2225 4577 2251 4630 d.
2275 4577 2354 4634 Rom.
2373 4579 2415 4636 ll-

510 4697 511 4700 ,
559 4655 673 4770 putaret.
695 4645 728 4699 cl.
748 4645 843 4702 Cicero
861 4649 896 4703 ad
915 4652 968 4706 Ata
986 4653 1018 4717 6,
1040 4655 1073 4719 λ,
1090 4654 1134 4710 20.
1153 4652 1240 4706 euelli
1259 4670 1302 4723 ep.
1321 4652 1357 4706 sd
1375 4649 1437 4706 laur.
1538 4664 1617 4701 naun.
1645 4663 1668 4700 c.
1688 4644 1745 4700 vll.
2340 4670 2342 4675 ·

469 4777 475 4786 ¹
583 4756 591 4779 ,
611 4717 634 4770 7.
653 4725 681 4769 et
697 4733 857 4786 responsum
875 4718 910 4772 lb.
929 4721 962 4786 2,
982 4723 1022 4777 1³.
1506 4753 1553 4820 τοο)
1573 4751 1670 4806 venep
1689 4750 1721 4816 a,
1743 4749 1791 4815 11,
1809 4747 1834 4803 a,

526 4819 574 4886 Μ)
593 4818 665 4872 9¹⁰⁸·
685 4819 788 4874 L'mu'
809 4821 833 4874 ⁷·
1505 4856 1552 4923 ¹⁰³)
1572 4853 1739 4908 llel'atilina
1757 4855 1894 4907 adema.
1913 4851 1949 4904 ad
1967 4869 2007 4905 or.
2026 4853 2052 4906 in
2071 4862 2125 4976 loq.
2145 4852 2223 4906 caud.
2242 4869 2267 4923 p.
2287 4851 2328 4906 aa.
2356 4847 2417 4917 On,

529 4923 575 4992 3⁰¹)
595 4922 629 4974 id.
655 4941 678 4976 c.
697 4923 739 4977 lo.
776 4928 936 4983 Αοιλτοολλος
958 4925 989 4979 di
1013 4929 1133 5000 τρέπεται
1155 4928 1221 5004 πρὸς
1245 4928 1290 4986 τοὶς
1316 4930 1345 4982 λν
1364 4928 1435 4998 'naq
1535 4924 1570 4976 de
1590 4923 1704 4978 Gabinlo
1724 4923 1862 4976 Dnrmanu
1883 4921 1982 4974 tiescb.
2001 4921 2086 4976 ltoms
2105 4927 2130 4988 ¹,
2149 4941 2175 4995 p.
2195 4923 2238 4976 53.
2258 4939 2316 4990 sqq.

559 4990 652 5057 πόλεις,
671 4993 748 5058 tuor,
768 4999 817 5050 ruis
828 4999 977 5068 nosquam
988 4999 1077 5073 layas
1093 5002 1266 5070 σχολάζοντος
1282 4999 1369 5062 αὐτοῦ,
1388 5000 1434 5049 καὶ
1504 4997 1550 5063 ¹⁰⁴)
1569 4993 1668 5048 Cicero
1686 4993 1721 5046 ad
1738 4994 1794 5046 All.
1813 4993 1846 5058 o,
1864 4989 1906 5044 al.
