5254 6186
400 857 436 933 3.
476 856 608 958 Qualis
636 856 707 930 hoc
733 863 903 956 t'empore
930 866 1133 933 turmarum
1169 855 1373 956 descriptio
1401 853 1534 949 luerit,
1568 855 1782 961 ignoraturt
1809 867 1934 933 tomen
1959 865 2129 932 veterem

233 973 335 1048 illam
361 974 504 1076 legem,
537 1000 584 1048 ne
612 972 695 1072 quis
729 984 792 1048 aut
825 972 947 1048 minor
973 972 1105 1048 XVIII
1131 981 1195 1047 out
1231 973 1348 1048 maior
1373 973 1480 1048 XLV
1508 974 1614 1048 annis
1641 973 1754 1050 iniis
1781 985 1902 1068 esset,
1942 973 2129 1066 abolitam,

231 1101 457 1192 praeterque
493 1118 571 1184 cos,
598 1090 661 1189 qui
694 1092 733 1166 in
766 1089 1045 1166 transvectione
1071 1090 1246 1182 aderant,
1282 1101 1321 1165 et
1347 1088 1513 1166 iuniores
1547 1117 1654 1191 spem
1689 1092 1770 1192 qius
1804 1092 1997 1193 dignitatis
2024 1117 2131 1168 acce-

232 1206 348 1306 pisse,
375 1219 414 1284 et
435 1207 604 1284 seniores
627 1207 775 1282 titulum
795 1207 1011 1300 retinuisse,
1038 1232 1088 1284 ex
1108 1206 1415 1307 inscriptionibus
1435 1205 1669 1308 intelligitur.
1708 1210 1803 1285 Nam
1823 1210 1923 1308 quod
1949 1207 2130 1284 accidisse

234 1334 404 1400 extremo
438 1326 579 1401 liberae
613 1325 842 1426 reipublicae
877 1336 1048 1426 tempore
1082 1323 1432 1418 animadvertimus,
1467 1335 1573 1401 utet
1606 1326 1795 1404 senatoria
1811 1325 1860 1426 ³⁶)
1895 1325 2057 1427 dignitas
2090 1335 2130 1400 et

233 1443 418 1538 equestris
432 1441 481 1543 ³²)
507 1442 736 1518 hereditario
759 1443 918 1542 quodam
945 1443 1027 1518 inre
1055 1443 1102 1517 ad
1128 1442 1229 1517 filios
1255 1467 1277 1515 a
1302 1451 1410 1543 patre
1432 1441 1662 1542 perveniret,
1689 1443 1729 1518 id
1749 1445 1818 1519 sub
1839 1440 2129 1543 imperatoribus

232 1583 302 1634 usu
321 1569 515 1660 receptum
535 1569 605 1636 est.
645 1560 823 1634 Senatum
846 1561 1132 1658 frequentabant
1150 1555 1260 1659 pueri
1279 1541 1510 1657 iuvenesque
1532 1560 1694 1636 nondum
1716 1559 1904 1636 senatoria
1925 1569 2066 1634 aetates
2079 1555 2128 1658 ³.⁸)

232 1675 269 1752 in
310 1677 598 1777 municipiorum
637 1677 759 1752 curios
799 1676 952 1752 admissi
991 1673 1239 1776 praetextatis
1257 1673 1306 1774 ³⁰)
1347 1675 1459 1751 etiam
1498 1687 1676 1775 equester
1712 1679 1834 1754 honor
1870 1675 2128 1778 impuberibus

232 1795 342 1870 datus
376 1805 446 1869 est.
498 1795 821 1870 Commemoratur
853 1793 893 1868 in
926 1792 1232 1895 inscriptionibus
1260 1793 1302 1867 G.
1329 1791 1519 1883 Velleius,
1552 1793 1757 1870 honoratus
1783 1819 1879 1893 equo
1905 1793 2056 1896 publico
2082 1794 2129 1869 ab

231 1909 457 2011 imperatore
484 1911 697 2002 Antonino,
736 1935 819 1986 eum
846 1919 976 2009 ageret
1008 1911 1141 1986 acutis
1176 1933 1312 1986 annum
1339 1909 1395 1984 Vr
1414 1907 1462 2009 ⁴l)
1496 1907 1656 2009 Ulpius,
1692 1936 1789 2012 puer
1813 1911 1909 1987 vlu
1935 1936 2128 2001 annornm,

231 2051 326 2125 equo
361 2028 512 2128 publico
546 2029 763 2103 honoratus.
782 2026 831 2128 ⁴¹)
882 2029 972 2104 Huc
1005 2027 1118 2104 etiam
1144 2027 1187 2101 G.
1221 2037 1261 2104 et
1285 2026 1332 2101 L.
1359 2028 1562 2101 (laesarum
1596 2029 1812 2128 exemplum
1846 2029 2028 2132 pertinet,
2062 2025 2128 2125 qui

229 2146 395 2220 nondum
420 2144 545 2245 posita
571 2144 710 2245 puerili
732 2154 930 2245 praetexta
954 2144 994 2222 in
1020 2156 1161 2222 turmas
1184 2143 1349 2244 equitum
1369 2142 1514 2243 recepti
1540 2153 1639 2235 sunt,
1667 2144 1872 2246 Caligulae,
1897 2141 2127 2242 Neronis,⁴²)

230 2263 284 2336 M.
310 2261 491 2338 Antonini
517 2262 624 2363 phil,
650 2261 710 2337 cui
735 2261 952 2337 Hadrianus
979 2261 1139 2336 sexenni
1164 2263 1346 2336 honorem
1372 2259 1458 2358 equi
1484 2258 1624 2359 publici
1652 2261 1798 2338 detulit.
1815 2262 1863 2361 ⁴³)
1914 2262 1960 2337 Iu
1986 2273 2127 2337 turmas

231 2389 355 2454 autom
382 2381 485 2480 ipsas
512 2389 687 2480 receptos
713 2404 799 2455 esse
825 2404 901 2454 non
928 2363 1037 2468 anno,
1064 2387 1106 2452 ut
1132 2387 1242 2452 antea
1268 2377 1418 2468 lactum,
1445 2376 1767 2477 duodevigesimo,
1794 2380 1863 2454 sed
1889 2379 2015 2454 statim
2040 2386 2129 2480 post

230 2506 356 2594 togam
383 2507 581 2596 sumptam,
604 2495 721 2572 inser.
747 2496 858 2570 docet
885 2519 944 2594 ap.
967 2493 1085 2568 Orell.
1113 2518 1149 2568 n.
1174 2493 1342 2591 3052.⁴⁴)
1395 2492 1498 2568 Hinc
1524 2494 1735 2593 explicatur
1760 2496 1872 2572 ctiam
1899 2495 1985 2572 Gai.
2015 2495 2050 2588 l,
2075 2493 2127 2568 2⁰

229 2623 269 2688 et
290 2613 379 2713 Ulp.
397 2614 430 2706 l,
451 2614 522 2689 30:
548 2611 782 2706 „consilium
808 2610 1008 2686 adhibetur
1032 2608 1072 2686 in
1099 2613 1191 2686 urbe
1217 2610 1337 2686 Roma
1364 2608 1513 2709 quidem
1534 2611 1570 2686 V
1592 2623 1807 2689 senatorum
1833 2623 1872 2689 et
1898 2614 1934 2689 V
1960 2611 2126 2712 equitum

228 2730 480 2806 Romanorum
515 2731 790 2831 puberum“.
848 2726 1029 2827 Receptis
1055 2737 1179 2803 autem
1206 2726 1286 2820 his,
1318 2750 1412 2826 quos
1439 2727 1538 2820 dixi,
1573 2729 1819 2830 omnibusque
1843 2729 1912 2823 iis,
1944 2729 2009 2828 qni
2036 2727 2125 2804 olim
2161 2725 2167 2738 “

229 2851 276 2925 ob
310 2847 480 2924 militiam
514 2872 589 2921 non
626 2869 743 2945 equo,
776 2845 844 2920 sed
878 2846 989 2920 anulo
1023 2845 1197 2922 honorati
1231 2851 1337 2936 sunt,
1373 2854 1531 2943 apparet
1563 2869 1760 2922 numerum
1794 2847 1961 2946 equitum
1996 2871 2054 2946 eq.
2086 2869 2125 2947 p.

230 2966 347 3038 multo
375 2963 574 3056 maiorem,
600 2987 707 3060 quam
735 2961 898 3061 Augusti
923 2972 1067 3056 aetate,
1094 2963 1231 3056 luisse3
1265 2961 1380 3060 idque
1404 2970 1567 3037 testatur
1590 2963 1665 3038 Dio
1692 2963 1763 3056 52,
1795 2965 1861 3057 19,
1888 2964 1988 3064 apird
2014 2987 2125 3062 quem

229 3083 442 3172 Maecenas,
468 3081 638 3180 Augusto
664 3081 1019 3173 eacommendans,
1048 3105 1144 3179 quae
1168 3078 1304 3157 Dionis
1330 3087 1501 3178 tompore
1529 3076 1568 3152 in
1595 3079 1904 3156 consuetudinem
1930 3087 2124 3170 venerant,

230 3211 427 3300 postquam
460 3198 506 3272 de
534 3209 748 3273 senatorum
774 3197 936 3273 lectione
962 3196 1078 3289 dixit,
1111 3213 1152 3279 w}
1177 3215 1214 3280 or
1244 3211 1344 3288 αὐτὰ,
1375 3194 1514 3295 inquit,
1549 3213 1603 3274 καὶ
1634 3209 1691 3275 ἐπὶ
1721 3215 1785 3276 τῶν
1816 3208 1944 3278 ἱππέων
1975 3214 2122 3295 ποίησον.

230 3313 301 3392 τούς
330 3316 393 3402 γάρ
426 3313 464 3380 ul
490 3314 662 3401 ’δευτερεῖα
696 3313 892 3396 ἑκασταχόθι
928 3318 983 3378 καὶ
1015 3315 1103 3394 γένει
1140 3319 1194 3380 καὶ
1228 3313 1326 3402 ἀρετῇ
1361 3317 1415 3378 καὶ
1449 3310 1577 3400 πλούτῳ
1608 3313 1804 3398 φερομένους
1839 3313 1872 3390 tr
1902 3313 1959 3400 squ
1990 3309 2124 3378 iumidoe

229 3415 418 3496 κατάλεξον·
445 3414 610 3492 τοσούτους
630 3413 795 3502 ἑκατέρους
822 3413 1066 3506 ἄντεηροὶψας,
1093 3413 1213 3483 ὀπόσοι
1237 3427 1312 3480 ποτ
1333 3417 1377 3480 ἄν
1405 3411 1538 3500 ἆρόσωσί
1558 3430 1611 3488 os,
1640 3412 1768 3498 μηδὲν
1795 3417 1893 3504 περὶ
1919 3417 1989 3482 τοῦ
2017 3412 2122 3499 πλή-

231 3523 331 3598 θους
362 3514 840 3605 ἆτριβολογούμτνος.”)

967 3733 1387 3750 Μ

264 4144 290 4195 p.
310 4127 365 4196 69)
392 4127 472 4182 etlam
491 4125 543 4184 hos
561 4127 639 4182 locos
658 4125 771 4193 eodem,
797 4143 851 4196 qno
870 4135 978 4182 eeteros
995 4143 1076 4182 sensu
1095 4144 1140 4182 ex·
1229 4126 1275 4193 .l,
1300 4143 1326 4195 p.
1346 4127 1388 4182 70.
1424 4121 1511 4180 Orell.
1531 4125 1612 4181 Inscr.
1639 4143 1664 4180 n.
1683 4125 1752 4184 ³745
1775 4143 1851 4198 seqq.
1887 4126 1988 4184 Marlul
2013 4127 2069 4184 Attl
2095 4129 2119 4192 1,

265 4197 366 4266 plicure
384 4195 483 4252 ilceblt.
520 4199 600 4268 Apud
620 4197 764 4252 Ilerodirrn.
783 4201 809 4264 4,
828 4201 853 4254 ‘I-
889 4197 916 4262 5,
935 4198 959 4250 7.
989 4201 1079 4269 ττέγυα
1096 4201 1141 4252 lu·
1241 4213 1267 4268 p.
1286 4199 1321 4253 93
1339 4203 1394 4249 not.
1414 4197 1456 4251 lb.

263 4267 340 4320 πικὸν
358 4274 462 4318 turmae
480 4275 541 4320 sunt
560 4269 689 4336 equitnm,
709 4267 859 4335 eodemque
877 4283 958 4322 sensu
980 4247 1140 4321 ordinem
1208 4291 1245 4358 ra)
1265 4287 1352 4346 orep¹
1372 4291 1491 4347 ,113053ι

262 4335 361 4398 babet,
390 4345 418 4387 ut
437 4351 516 4388 unnm
542 4338 772 4408 exscriptoribus
797 4335 823 4389 Ιι.
842 4338 911 4408 Aug.
930 4336 1082 4406 exemplum
1101 4337 1139 4390 al·
1206 4381 1229 4414 Η
1382 4378 1388 4392 .
1725 4379 1738 4404 ,.

262 4406 357 4472 lerunt,
375 4403 491 4459 Trebell.
509 4405 599 4460 Pollio
619 4407 733 4461 Gallico.
750 4407 777 4462 d.
795 4409 821 4463 8.
1230 4377 1243 4446 I
1261 4377 1389 4432 M⁰I⁰⁰H¹
1408 4376 1442 4430 ‘¹⁰
1460 4383 1494 4429 ῆι·
1513 4374 1596 4429 ΙΝ·
1618 4377 1642 4441 ¹⁹
1660 4393 1687 4445 Ρ·
1709 4373 1767 4430 ¹⁰3¹

228 4529 252 4561 Ἠ
538 4525 545 4540 ,
1206 4472 1243 4538 ⁴²)
1262 4469 1355 4524 Nonis.
1366 4470 1396 4522 G.
1407 4469 1439 4522 P.
1451 4472 1510 4536 Μ
1539 4465 1614 4540 Opp.
1628 4467 1669 4523 cd.
1682 4467 1784 4523 Veron.
1804 4467 1942 4527 imvm.
1962 4468 1997 4524 Ill
2013 4485 2038 4540 p.
2058 4468 2116 4524 uo.

208 4561 212 4568 .
242 4525 265 4592 ι)
284 4523 414 4595 prom.
452 4523 486 4577 cl.
497 4521 622 4578 Brrsson.
642 4541 706 4594 opp.
726 4523 788 4578 min.
806 4525 840 4577 rul
853 4523 974 4578 Trelrell.
993 4542 1019 4596 p.
1033 4527 1084 4582 344
1097 4542 1138 4595 sq.
1206 4567 1241 4628 4³)
1262 4563 1378 4634 Capitol,
1396 4561 1437 4616 Μ.
1456 4565 1517 4617 ΑΜ.
1537 4562 1583 4633 ph·
1602 4569 1626 4619 4·

261 4593 388 4649 ”inm
405 4595 448 4649 Μ’
468 4593 484 4648 ¹¹
504 4593 551 4648 Μ’
572 4602 598 4648 ⁶²
616 4593 685 4666 ΜΡ·
705 4594 794 4666 ⁹⁰⁹¹*
813 4613 840 4666 Ρ·
862 4594 911 4651 ¹⁰⁷
930 4613 988 4665 ⁸‘¹‘¹'
1206 4659 1242 4728 ο)
1262 4655 1337 4710 nus
1361 4655 1534 4712 orsuruvs
1560 4656 1642 4710 sex.
1668 4654 1776 4710 csvu.
1801 4655 1883 4712 snx.
1908 4655 1936 4712 r.
1963 4656 2027 4711 vm
2054 4653 2116 4710 au.

230 4711 267 4778 ³¹)
285 4729 312 4782 ο·
330 4713 367 4768 60
384 4727 410 4766 n.
428 4717 470 4772 ao.
490 4717 534 4772 οι.
1239 4725 1303 4780 xvr
1323 4723 1429 4784 novo
1448 4723 1616 4781 nvnnrco
1634 4723 1902 4782 rususvucrvs
1920 4724 1998 4780 usn.

228 4831 266 4898 ss)
281 4839 311 4900 q,
329 4833 372 4887 ῃ,
1205 4817 1242 4883 ⁴⁵)
1262 4813 1351 4870 Quum
1369 4814 1438 4866 enim
1457 4811 1511 4865 lroc
1529 4813 1591 4864 loro
1610 4823 1821 4898 concorporem
1839 4810 1975 4880 quendum
1994 4819 2117 4898 veterem

227 4951 263 5020 ³⁰)
283 4950 343 5002 lloe
369 4949 421 5002 iam
451 4965 501 5020 per
522 4951 637 5006 Verrem
665 4953 691 5006 lu
718 4951 828 5006 Siciliae
856 4950 1010 5005 rlvltatibus
1038 4951 1137 5006 famosus
1238 4882 1654 5020 bb‘buiidlr'stwrilrrlriieiqiidiliiii
1672 4883 2116 5018 rpgqrtqtlrrsquq»qqqqqut'qprrq‘qeqqqq

259 5021 382 5142 queritur
400 5017 555 5104 Clq3Verr.
574 5025 601 5084 ⁸2,
618 5025 645 5110 ⁹:
664 5024 707 5078 rs.
725 5025 768 5108 ⁵⁰:
797 5021 881 5110 Plura
900 5037 924 5074 v.
944 5039 987 5090 op.
1008 5019 1052 5106 Fr:
1064 5021 1136 5074 llotlr
1168 5087 1172 5116 Ι
1239 5021 1416 5086 condimntum,
1436 5039 1509 5106 qrrue
1527 5021 1703 5120 de'uuurero,
1723 5025 1796 5088 (nam
1816 5020 1920 5104 equites
1938 5036 2021 5102 censu
2041 5019 2113 5073 nullo

279 5107 294 5142 e
319 5107 349 5144 re
371 5105 496 5160 municip.
515 5107 542 5160 p.
562 5089 604 5146 68.
628 5095 665 5146 rtl.
702 5092 823 5164 Savrgny
843 5093 875 5145 (ι.
894 5089 920 5145 d.
939 5092 972 5145 ll.
991 5091 1023 5144 ll.
1044 5107 1078 5144 nn
1097 5089 1136 5144 nr.
1167 5119 1172 5156 ι
1238 5107 1352 5146 numero
1370 5091 1589 5160 continebuntur)
1610 5089 1645 5142 de
1663 5107 1764 5160 genere
1782 5098 1809 5143 et
1828 5097 1925 5144 virtute
1944 5087 2026 5144 addit.

1617 5182 1694 5249 '13
