5254 6186
513 787 619 868 aute,
653 769 810 848 victoria
837 795 886 846 ex
910 767 1066 844 libidine
1092 790 1161 844 uso
1186 763 1263 860 est,
1297 789 1506 868 quanquam
1532 766 1669 842 multos
1697 766 1874 844 mortales
1901 775 1965 844 aut
1990 767 2093 844 lerro
2119 775 2184 844 aut
2215 768 2305 870 fuga
2338 794 2407 846 ex·

514 894 666 984 stinxit,
692 899 816 963 tamen
842 890 928 988 plus
955 884 1027 960 sibi
1053 882 1217 982 timoris,
1251 871 1361 983 quam
1387 885 1577 982 potentiae
1603 883 1643 958 in
1669 885 1855 980 reliquum
1883 884 2037 962 addidit.
2088 886 2203 978 Nam,
2237 886 2408 981 quamvis

456 1047 458 1054 ¹
514 1015 706 1102 hucusque
740 1003 980 1104 optimatibus
1014 999 1253 1100 contigisset,
1284 1010 1328 1074 ut
1352 1002 1464 1080 modo
1490 1027 1561 1100 pm
1596 1002 1719 1077 socios
1754 1026 1797 1090 ac
1830 1027 1967 1078 nomen
1992 1002 2189 1094 Latinum,
2221 1001 2410 1080 interdum

513 1153 584 1229 per
617 1122 763 1218 equites
796 1122 1005 1208 Romanos,
1045 1141 1139 1214 quos
1174 1143 1263 1216 spes
1297 1115 1489 1192 societatis
1524 1143 1607 1194 cum
1645 1118 1833 1194 nobilibus
1855 1118 1900 1217 ¹⁰)
1940 1120 1988 1194 de
2025 1121 2140 1219 plebe
2178 1118 2410 1210 dimovisset,

514 1242 773 1320 Gracchorum
800 1235 965 1313 consiliis
992 1258 1143 1334 semper
1167 1234 1400 1326 resisterent,
1430 1245 1555 1310 tamen
1580 1234 1653 1310 iam
1680 1247 1719 1312 et
1744 1237 1914 1336 plebem,
1941 1234 2173 1312 Gracchanis
2199 1235 2346 1335 legibus
2372 1235 2412 1312 iu

515 1361 726 1436 libertatem
759 1353 1002 1443 vindicatam,
1042 1361 1081 1424 et
1105 1375 1226 1426 novos
1259 1350 1402 1426 iudices
1437 1363 1776 1452 exasperaverant,
1815 1361 2007 1452 postremo
2042 1353 2264 1453 Iugurthino
2298 1354 2411 1444 bello,

515 1476 615 1576 quod
643 1470 769 1546 stetim
787 1479 963 1570 'secutum
990 1479 1067 1558 est,
1095 1477 1134 1542 et
1159 1480 1335 1565 qnantum
1361 1467 1401 1543 in
1428 1493 1469 1542 se
1496 1478 1600 1544 esset
1625 1469 1810 1544 scelerum
1837 1479 2083 1568 aperuerunt,
2119 1480 2158 1544 et
2181 1469 2292 1544 novis
2319 1469 2411 1544 faci-

515 1591 669 1669 noribus
705 1585 1004 1661 ulciscendorum
1038 1592 1208 1658 veterum
1242 1584 1468 1661 adversariis
1502 1585 1736 1660 occasionem
1761 1587 2028 1685 praebuerunt.
2078 1585 2175 1660 Nam
2201 1585 2282 1661 eius
2307 1587 2412 1686 'lega-

515 1709 649 1798 tionis,
688 1728 782 1803 quae
818 1701 925 1778 initio
961 1699 1050 1774 belli
1085 1702 1134 1776 ad
1166 1727 1332 1808 regnum¹
1355 1700 1539 1800 Micipsae
1573 1701 1673 1776 inter
1704 1703 1923 1801 Iugurtham
1957 1711 1997 1777 et
2028 1701 2281 1782 Adherbalem
2313 1701 2412 1778 divi-

516 1825 680 1902 dendum
718 1820 758 1894 iu
791 1818 958 1892 Africam
991 1817 1105 1893 missa
1137 1829 1214 1910 est,
1254 1817 1430 1918 princeps
1466 1818 1538 1892 fuit
1562 1817 1608 1894 L.
1637 1818 1830 1918 Opimius,
1853 1815 1898 1914 ¹²)
1931 1817 1973 1894 in
2006 1845 2123 1918 eaque
2145 1821 2202 1896 M.
2236 1819 2412 1912 Scaurus,

517 1941 694 2044 princeps
723 1945 886 2012 senatus.
909 1935 953 2034 rs)
1006 1934 1179 2036 Opimius
1206 1934 1314 2009 donis
1340 1935 1441 2035 regis
1467 1944 1666 2034 corruptus
1693 1946 1763 2026 est,
1785 1935 1830 2034 ¹⁰)
1865 1936 2006 2010 Scauro
2033 1936 2224 2014 etiamtum
2251 1937 2414 2014 animum

518 2084 541 2132 a
574 2061 753 2132 consueta
785 2051 940 2128 libidine
974 2051 1200 2128 continente.
1217 2049 1268 2150 ²⁰)
1322 2051 1429 2126 Missi
1455 2052 1543 2151 dein
1577 2075 1660 2126 cum
1694 2051 1863 2127 exercitu
1890 2053 2114 2152 Calpurnius
2141 2054 2273 2141 Bestia
2298 2055 2414 2152 Mque

518 2175 682 2266 Scaurus
709 2181 893 2266 quaestor.
911 2165 961 2266 ²¹)
1013 2167 1181 2266 Uterque
1208 2167 1366 2270 pecunia
1393 2167 1654 2269 corrumpitur.
1672 2166 1721 2267 ²²)
1772 2168 1952 2260 Albinus,
1987 2169 2050 2268 qui
2077 2171 2277 2264 successit,
2311 2180 2413 2246 certe

518 2315 594 2367 nou
620 2260 718 2361 liher'
742 2311 764 2359 a
790 2283 1004 2385 suspicione
1030 2294 1122 2376 erat,
1136 2283 1184 2385 ²³)
1210 2283 1343 2376 Aulus,
1371 2285 1452 2360 eius
1473 2285 1603 2376 frater,
1630 2311 1699 2385 pro
1726 2297 1901 2383 praetore
1927 2285 1967 2360 in
1982 2285 2113 2362 Africa
2137 2289 2304 2380 relictus,
2331 2311 2413 2362 cor-

519 2417 652 2506 ruptus
678 2401 837 2503 pecunia
853 2401 904 2500 ²⁴)
932 2411 970 2475 et
995 2402 1102 2478 fusus
1129 2401 1352 2500 fugatusque
1381 2427 1403 2477 a
1427 2402 1609 2502 Iugurtha
1635 2411 1703 2475 est.
1722 2401 1771 2500 2⁵)
1823 2403 1969 2478 Tantae
1996 2402 2222 2496 insolentiae,
2254 2414 2293 2480 et
2325 2429 2414 2478 ava-

519 2522 626 2598 ritiae
654 2517 888 2618 optimatium
922 2542 1034 2616 quum
1060 2543 1268 2618 perunum
1294 2518 1512 2592 Memmium
1538 2517 1744 2610 tribunum,
1783 2519 1973 2594 hominem
1998 2521 2185 2611 nobilitati
2211 2519 2414 2596 infestissi-

519 2635 685 2734 mum,²⁰)
714 2635 861 2720 obuiam
886 2633 980 2732 itum
1007 2634 1175 2733 esset,²¹)
1201 2635 1350 2710 tandem
1377 2660 1410 2709 a.
1429 2635 1502 2712 llo
1522 2659 1555 2707 a.
1578 2635 1682 2708 Cha
1703 2635 1883 2728 Mamilio,
1899 2637 1995 2712 trib.
2017 2640 2129 2738 pleb,
2156 2640 2301 2740 rogatio
2327 2663 2414 2738 per*

519 2739 690 2844 luteast,
717 2751 772 2826 uti
798 2763 1041 2851 quaereretur
1066 2751 1105 2825 in
1132 2776 1218 2843 eos,
1245 2775 1401 2850 quorum
1427 2747 1583 2826 consilio
1609 2749 1791 2849 Iugurtha
1816 2763 1967 2828 senatus
1995 2757 2145 2830 decreta
2170 2756 2415 2854 neglexisset,

519 2869 656 2968 quique
695 2867 740 2940 ab
780 2891 826 2943 eo
859 2864 899 2941 iu
932 2867 1180 2968 legationibus
1215 2875 1279 2962 aut
1315 2865 1484 2967 imperiis
1523 2866 1703 2966 pecunias
1742 2869 1987 2970 accepissent.
2005 2871 2055 2971 ²⁸)
2114 2873 2171 2946 Ac
2208 2895 2416 2971 quanquam

520 2985 572 3062 M.
599 2983 775 3074 Scaurus,
803 2981 997 3082 Calpurnii
1020 2984 1179 3084 legatus,
1207 2985 1402 3074 effecerat,
1428 2992 1471 3056 ut
1495 2981 1578 3080 ipse
1605 2981 1645 3057 in
1670 2984 1802 3076 trium,
1829 2987 1893 3085 qui
1918 2990 2146 3088 rogabantur
2171 3013 2222 3066 ex
2248 3015 2294 3066 ea
2318 2991 2416 3088 lege,

520 3112 758 3200 quaestorum
778 3109 935 3174 numero
957 3111 1159 3192 crearetur,
1186 3111 1311 3177 tamen
1332 3096 1500 3200 quaestio
1521 3123 1657 3197 aspere
1679 3110 1717 3174 et
1739 3101 1926 3178 violenter
1947 3104 2125 3198 exercita,
2150 3131 2273 3206 neque
2295 3109 2416 3180 solum

519 3214 724 3292 recentium
752 3215 946 3310 criminum
971 3218 1018 3289 ab
1044 3215 1223 3316 singulis,
1258 3217 1325 3290 sed
1351 3226 1521 3290 veterum
1546 3212 1766 3290 iniuriarum
1799 3220 1844 3292 ab
1878 3218 2067 3293 universis
2093 3221 2238 3321 poenae
2265 3233 2416 3324 repete-

300 3423 305 3431 ,
380 3423 382 3428 ,
520 3330 671 3421 bantur,
704 3338 747 3405 ut
771 3333 841 3405 hae
867 3331 952 3428 lege
978 3341 1093 3405 totam
1118 3329 1351 3406 nobilitatem
1377 3317 1498 3408 lusam
1524 3329 1623 3405 dicat
1650 3331 1861 3408 Sallustius.
1880 3332 1930 3435 ²⁰)
1981 3337 2038 3411 Ac
2064 3337 2224 3437 primum
2249 3337 2295 3413 L.
2322 3336 2418 3438 Opi·

521 3447 648 3537 mium,
679 3445 721 3518 G.
749 3437 913 3520 Gracchi
938 3443 1231 3540 interfectorem,
1257 3471 1367 3547 quem
1393 3474 1427 3526 a.
1456 3447 1529 3520 12⁰
1555 3471 1587 3523 a.
1615 3447 1682 3523 Oh.
1709 3475 1746 3526 n.
1773 3451 1914 3526 frustra
1939 3453 1987 3552 Q.
2012 3449 2167 3545 Decius,
2192 3452 2277 3528 trib.
2303 3455 2417 3552 pleb,

522 3571 775 3653 accusaverat,
794 3559 842 3661 ³⁴³)
869 3562 1104 3653 „absolutum
1130 3588 1153 3636 a
1178 3565 1331 3664 populo,
1358 3589 1471 3662 quum
1497 3573 1627 3639 contra
1651 3565 1783 3664 populi
1809 3566 1972 3640 studium
1999 3569 2178 3660 stetisset,
2205 3566 2418 3646 Gracchani

521 3675 665 3756 iudices
691 3677 969 3769 sustulerunt“,
986 3675 1035 3776 ³¹¹)
1068 3702 1197 3776 quem,
1233 3704 1439 3780 quanquam
1464 3677 1633 3755 Mamilia
1657 3680 1742 3778 lege
1769 3679 1963 3756 damnatus
1989 3695 2111 3775 esset,
2145 3695 2270 3762 maren
2296 3683 2418 3760 Grac-

522 3783 725 3874 chauorum
749 3806 961 3896 temporum
987 3793 1168 3872 iuvidiam
1193 3797 1405 3896 perdidisse
1430 3793 1669 3868 consentiens
1697 3806 1755 3872 est
1781 3797 1967 3874 sententia
1994 3799 2223 3901 omnium.³⁹)
2261 3801 2308 3876 L.
2323 3801 2418 3902 0pi-

522 3911 639 4002 mius,
664 3913 776 3986 homo
803 3907 913 3986 antea
937 3911 1126 3986 claruset
1150 3910 1190 3988 iu
1217 3926 1350 3990 senatu
1374 3923 1529 4016 potens,
1546 3909 1597 4012 ³⁸)
1624 3910 1737 4007 civis,
1766 3924 1809 3990 ut
1835 3913 1967 3993 Cicero
1994 3916 2104 4011 dicit,
2138 3919 2418 4022 praestantissi-

491 4237 494 4243 '
527 4239 562 4308 ¹0)
573 4237 620 4291 ste
629 4235 752 4306 Rupilius
763 4251 814 4304 per
823 4233 980 4304 Scipionem
994 4233 1164 4306 opublleene
1178 4237 1272 4292 consul
1284 4236 1372 4292 factm
1384 4245 1434 4292 est.
1504 4237 1541 4300 ²⁸)
1560 4236 1616 4290 cte.
1636 4236 1671 4290 de
1690 4246 1756 4294 orat.
1775 4239 1801 4303 2,
1815 4221 1864 4303 70,
1882 4239 1942 4296 283.

532 4304 756 4373 ¹Pseudo-Are.
780 4304 906 4388 laVerr.
930 4307 963 4373 l,
985 4323 1013 4376 p.
1036 4307 1088 4364 Ml
1113 4305 1177 4373 0r‚;
1204 4307 1284 4380 plura
1311 4307 1437 4380 exempla
1504 4309 1528 4342 ²²
1560 4307 1626 4389 Sall.
1647 4307 1702 4376 lug.
1720 4309 1762 4362 27.
1782 4311 1826 4364 30.
1844 4309 1887 4366 39.

525 4373 828 4498 ..crateuas
1478 4375 1658 4500 ‘ac-a·

525 4446 562 4584 ¹⁸)
581 4463 619 4567 ibi
633 4514 675 4568 ⁸25·
699 4460 723 4512 ὅ.
778 4483 784 4496 ·
1504 4530 1542 4599 ²⁰)
1560 4459 1616 4582 ¹Cic.
1628 4483 1748 4596 deuel,
1766 4533 1810 4596 25,
1824 4493 1895 4598 rum
1915 4532 2180 4604 ell'relash.roppl
2191 4489 2418 4614 liebhtbsqq.

525 4585 562 4694 p)
580 4581 786 4722 id'hdflimpids
806 4579 836 4637 0.
855 4579 902 4635 nr.
924 4583 964 4638 lb
1447 4635 1450 4640 ·
1503 4616 1543 4684 υ)
1563 4615 1619 4670 ca.
1637 4614 1715 4671 aruc
1734 4617 1778 4681 aa,
1799 4620 1857 4674 ras

526 4729 549 4762 ar
582 4723 637 4776 Cic.
657 4720 691 4773 dc
710 4736 748 4776 or.
768 4721 800 4784 Ἰ,
818 4715 868 4784 70,
892 4717 953 4775 2⁸³·
1503 4699 1617 4825 ³533&
1636 4702 1776 4827 μιξΙἯξ
1791 4703 2310 4828 ff’goqinildsspgonbffidddhddrczm
2328 4707 2355 4829 itu
2374 4705 2420 4828 Ρίι

526 4793 563 4931 :3
582 4787 721 4931 {2³13}
740 4787 783 4915 gg·
819 4785 959 4854 mm&
979 4789 1003 4880 l,
1022 4791 1047 4844 ⁷¹
1541 4789 1673 4924 ohqdiim
1692 4811 1820 4922 insidiam
1838 4788 1936 4914 peiren
1952 4837 2057 4894 tudiciis
2076 4812 2273 4897 sacraremus
2293 4786 2421 4898 ddiidtsltd

527 4931 563 4998 ῃ)
581 4929 615 4983 ἰὴ.
634 4931 676 4985 38.
1542 4910 1648 4963 arelium
1665 4918 1753 4964 ustus.

528 5002 563 5069 aa)
582 4998 616 5052 ῃ),
635 5001 678 5054 37,
1508 4995 1545 5064 3’)
1563 4993 1629 5050 Sall.
1641 4994 1703 5086 ¹lug.
1725 4995 1764 5052 ld.
