5254 6186
520 807 674 861 numero
709 780 840 880 quinos
873 777 990 854 denos
1024 775 1204 878 suffragio
1239 785 1428 867 crearent,
1458 773 1529 873 vqui
1562 799 1609 896 ep
1643 799 1738 850 anno
1772 772 2022 866 iudicarant“,
2058 797 2131 872 quo
2156 773 2294 850 factum
2327 785 2398 868 est,

517 913 558 979 ut
591 909 782 976 senatores
816 920 963 995 quoque
996 895 1034 970 in
1064 919 1110 970 eo
1136 920 1291 970 numero
1318 903 1464 986 essent,
1499 903 1537 968 et
1564 892 1711 990 quidam
1738 892 1923 990 etiamen
1955 891 2040 992 ipsa
2063 893 2186 991 plebe.
2205 890 2234 991 ¹)
2287 893 2398 992 Quod

515 1021 580 1096 ille
608 1019 737 1094 minus
764 1038 875 1090 ausus
909 1023 1007 1104 erat,
1046 1023 1089 1086 ut
1121 1010 1266 1087 senatui
1301 1036 1479 1087 summam
1512 1009 1733 1084 iudiciorum
1766 1007 2022 1084 auctoritatem
2054 1008 2248 1102 redderet,
2287 1035 2396 1109 quam

514 1136 631 1212 Drusi
663 1132 810 1234 legibus
845 1129 916 1205 sibi
950 1129 1139 1206 vindicare
1173 1128 1347 1204 nobilitas
1374 1128 1514 1203 frustra
1539 1137 1669 1202 conata
1694 1136 1794 1218 erat,
1825 1137 2021 1226 postquam
2048 1126 2147 1202 bello
2174 1125 2275 1202 cirili
2302 1127 2398 1228 opti-

516 1264 635 1330 mates
662 1248 879 1352 superiores
905 1258 1117 1340 evaserunt,
1145 1272 1166 1323 a
1191 1248 1233 1321 C.
1260 1245 1366 1322 Sulla
1392 1243 1524 1344 perfici
1550 1254 1709 1344 poterat.
1746 1244 1793 1322 L.
1815 1245 1856 1320 C.
1883 1245 1989 1319 Sulla
2014 1254 2182 1320 senatum
2210 1269 2259 1319 ex
2285 1269 2398 1342 eque·

479 1437 483 1449 .
518 1372 586 1446 stri
620 1369 752 1445 ordine
786 1363 979 1466 supplevit
996 1366 1025 1465 5)
1059 1364 1239 1440 trecentis
1272 1361 1459 1439 nobilibus
1492 1361 1679 1461 equitibus
1705 1360 1862 1455 additis,
1881 1359 1909 1460 ¹)
1944 1371 1983 1436 et
2007 1360 2143 1438 iudicia
2164 1362 2402 1438 senatoribus

517 1487 631 1564 dedit.
652 1486 680 1587 ¹)

681 1610 791 1685 Haec
816 1607 946 1684 ultima
971 1614 1051 1680 erat
1077 1604 1235 1682 victoria
1260 1604 1511 1705 optimatium,
1547 1627 1702 1703 eamque
1727 1629 1802 1680 non
1827 1603 1988 1705 partium
2013 1602 2156 1680 viribus
2180 1615 2400 1705 reportare-

516 1741 617 1823 rant,
644 1728 711 1803 sed
738 1727 906 1802 eiusdem
931 1722 1005 1797 viri
1032 1735 1221 1824 acceptam
1248 1725 1388 1824 gratiae
1414 1724 1646 1814 referebant,
1672 1748 1791 1823 penes
1818 1735 2049 1821 quamtum,
2077 1724 2226 1822 „leges,
2251 1720 2399 1816 iudicia,

515 1844 718 1936 aerarium,
753 1841 988 1945 provinciae,
1022 1867 1152 1942 reges,
1188 1841 1347 1941 denique
1373 1841 1477 1917 necis
1503 1840 1641 1915 civium
1667 1850 1706 1916 et
1731 1838 1830 1916 vitae
1857 1840 2006 1916 licentia
2031 1847 2147 1916 erat.“
2163 1840 2193 1941 8)
2366 1825 2369 1840 ’

623 2037 625 2043 .
680 1968 1001 2070 Quamobrem,
1037 1990 1243 2064 quanquam
1269 1965 1406 2042 iudicia
1439 1975 1631 2040 senatores
1657 1976 1896 2066 receperant,
1930 1977 2052 2040 tamen
2078 1965 2177 2042 idem
2211 1965 2401 2042 etiamtum

516 2113 642 2167 rerum
669 2095 786 2161 status
807 2093 899 2176 erat,
926 2108 998 2182 qno
1020 2083 1108 2158 olim
1134 2107 1180 2158 ea
1201 2083 1411 2174 amiserant,
1438 2083 1568 2158 eadem
1590 2093 1629 2158 et
1649 2083 1811 2158 fortasse
1835 2083 1953 2158 maior
1978 2081 2134 2158 avaritia
2154 2084 2398 2184 optimatium,

517 2207 672 2284 eaedem
704 2201 913 2278 discordiae
942 2199 1214 2301 provinciales,
1248 2200 1403 2276 eaedem
1427 2197 1585 2276 iniuriae
1611 2200 1911 2300 magistratuum,
1947 2225 2088 2299 eaeque
2116 2201 2294 2294 maiores,
2328 2224 2401 2300 quo

518 2325 657 2402 diutins
691 2333 730 2398 et
761 2330 849 2422 post
881 2320 1004 2418 legem
1030 2317 1242 2392 Corneliam
1273 2318 1323 2393 de
1356 2315 1516 2418 imperio
1550 2342 1691 2393 vexare
1724 2318 1772 2392 iis
1804 2318 2016 2418 provincias
2043 2318 2166 2412 licuit,
2185 2320 2215 2421 ¹)
2255 2344 2400 2419 quoquo

518 2445 650 2534 minus,
678 2441 822 2516 sublata
848 2437 1080 2512 tribunorum
1106 2436 1227 2536 plebis
1247 2435 1299 2529 vi,
1325 2436 1365 2522 in
1386 2437 1445 2513 lais
1468 2433 1596 2510 auxilii
1617 2445 1708 2508 erat.
1746 2434 1876 2534 Itaque
1896 2435 1998 2511 idem
2019 2448 2058 2510 et
2082 2435 2155 2512 iam
2176 2437 2400 2516 iniudicibus

518 2578 670 2639 suorum
703 2556 867 2634 studium
901 2565 939 2630 et
974 2554 1098 2630 odium
1124 2552 1443 2630 adversariornma
1479 2552 1533 2627 ita
1559 2561 1601 2626 ut
1625 2551 1785 2627 triennio
1813 2562 1900 2653 post
1931 2553 2054 2653 legem
2081 2529 2291 2632 Corneliam
2316 2557 2341 2630 i.
2368 2581 2402 2632 a.

517 2705 549 2756 a.
577 2679 639 2753 ii.
691 2676 759 2751 Cn.
785 2672 983 2749 Dolabella
1016 2669 1284 2748 eMacedonia
1316 2695 1494 2747 reversus
1527 2693 1550 2744 a
1582 2667 1613 2744 1.
1641 2671 1802 2745 Caesare
1837 2671 2075 2746 adolescente
2111 2674 2402 2771 repetundarum

520 2805 730 2884 accusatus,
765 2789 933 2888 quamvis
961 2788 1087 2864 multis
1121 2788 1314 2867 convictus
1341 2784 1586 2887 argumentis,
1625 2796 1798 2861 tamena
1831 2785 2014 2862 iudicibus
2048 2789 2239 2863 absolutus
2273 2789 2333 2865 rit
2356 2790 2401 2890 ¹¹)

518 2914 624 2989 Inter
649 2921 793 2985 ceteras
820 2931 969 2982 caussas
1004 2905 1114 2981 buius
1139 2905 1320 3005 temporis
1346 2903 1585 2979 memorabile
1612 2912 1672 2978 cst
1696 2929 1832 2979 nomen
1858 2902 2021 2997 Staieni,
2055 2905 2128 2980 viri
2155 2917 2193 2982 et
2219 2907 2402 2983 exercita·-

521 3029 657 3107 tissimi
688 3027 727 3102 in
762 3023 909 3099 iudiciis
936 3022 1218 3123 cormmpendis
1245 3033 1283 3097 et
1308 3032 1433 3097 tamen
1456 3021 1610 3113 iudicis,
1632 3020 1677 3121 ¹¹)
1717 3021 1822 3096 cuius
1848 3020 2004 3097 artificia
2028 3020 2067 3096 in
2093 3022 2313 3100 Cluentiana
2339 3025 2403 3101 Ci-

521 3169 607 3225 coro
635 3143 801 3244 exponit.
854 3141 942 3241 Qui,
969 3165 1081 3240 quum
1107 3139 1258 3216 biennio
1284 3149 1370 3218 ante
1396 3161 1563 3216 caussam
1584 3136 1759 3228 Cluentii,
1785 3137 1810 3210 i.
1836 3163 1868 3213 e.
1896 3163 1929 3211 a.
1955 3138 2006 3210 76
2032 3164 2198 3215 caussam
2224 3143 2405 3218 bonorum

520 3263 653 3340 Salinii
673 3261 820 3335 Atellae
841 3257 1061 3360 recepisset,
1088 3255 1278 3332 sexcentis
1298 3253 1460 3332 millibus
1481 3277 1669 3329 nummum
1690 3253 1867 3330 iudicium
1891 3277 1933 3329 se
1960 3265 2219 3356 corrupturum
2246 3259 2404 3335 dixerut.

521 3382 628 3481 Quae
654 3386 806 3474 accepta
830 3400 853 3450 a
878 3375 1043 3474 pupillo,
1077 3372 1306 3472 suppressit,
1340 3398 1410 3448 neo
1435 3373 1577 3449 Safinio
1604 3397 1674 3448 nec
1699 3374 1879 3448 bonorum
1905 3373 2108 3449 emtoribus
2132 3374 2270 3452 indicio
2304 3379 2402 3452 facto

522 3492 696 3574 reddidit
718 3490 764 3591 ¹¹)
815 3491 921 3568 ldem
954 3490 1099 3565 duobus
1135 3488 1242 3570 anais
1275 3501 1363 3595 post
1388 3490 1655 3597 Oppianicum,
1689 3491 1867 3585 „duobus
1891 3491 2097 3591 iugulatum
2121 3491 2402 3593 praeiudiciis,“

524 3851 548 3919 ⁴)
569 3847 624 3903 cic.
643 3861 684 3918 pr.
704 3843 813 3898 Corncl.
831 3841 864 3896 ir.
882 3843 918 3900 27
935 3859 963 3914 p·
982 3844 1043 3900 451.
1072 3842 1172 3898 anon.
1191 3841 1227 3896 ad
1243 3841 1272 3896 lr.
1289 3842 1309 3896 l.
1328 3843 1362 3900 to
1379 3838 1429 3900 Cr.
1529 3838 1659 3966 praeliati
1672 3841 1819 3916 Appianas.
1845 3841 1996 3900 Zachariae
2004 3841 2287 3910 Sannaostflrmst
2298 3847 2403 3904 Sullam

558 3917 622 3972 Non
639 3913 764 3980 absorde,
783 3923 811 3969 ut
829 3911 893 3967 milri
909 3914 1027 3980 videtur,
1045 3921 1072 3966 et
1089 3911 1167 3965 huius
1184 3910 1250 3982 legis
1269 3911 1330 3966 etl.
1351 3914 1430 3968 l’luu·
1558 3911 1618 3967 Vlll
1636 3915 1771 3967 centurias
1789 3913 1825 3967 ad
1841 3913 1876 3968 Vl
1895 3913 1960 3968 suffr
2004 3930 2079 3967 orum
2098 3931 2235 3968 nanterum
2254 3918 2403 3986 reduxisse,

559 3989 612 4041 tiae
630 3985 665 4038 de
683 3986 710 4037 vl
728 3983 776 4052 (da
795 4001 848 4052 qua
865 3999 891 4038 v.
912 3981 1054 4036 thcbter.
1081 3981 1118 4037 N.
1138 3979 1218 4036 Arcb.
1238 3980 1264 4032 d.
1281 3981 1430 4036 Crlminalr.
1530 3999 1616 4052 enque
1634 3993 1697 4053 post
1714 3985 1810 4038 tribum
1828 3915 2042 4055 praerogailllm
2060 3983 2186 4057 suffragia
2197 3983 2267 4041 terre
2284 3989 2403 4056 iussisse,

558 4055 621 4109 Vol.
642 4057 683 4118 la,
701 4071 728 4124 p·
746 4055 764 4109 8
782 4071 795 4106 s
815 4070 856 4121 q.;
882 4070 926 4123 ap.
945 4051 995 4108 0r.
1014 4052 1075 4109 Vol.
1094 4050 1164 4117 Vlll,
1183 4068 1210 4121 p.
1229 4051 1298 4123 233)
1317 4053 1432 4106 inarime
1531 4053 1604 4123 quod
1622 4052 1694 4108 baud
1713 4055 1780 4125 scio,
1801 4071 1835 4108 an
1854 4055 1959 4108 nemine
1976 4053 2137 4124 probaturos
2154 4057 2197 4108 sit.

558 4125 759 4180 ioenuatorum
777 4070 886 4176 lulurlas
905 4130 932 4176 et
944 4123 1075 4193 praetoris
1085 4122 1229 4178 Asellionis
1241 4137 1333 4174 necem
1346 4121 1431 4192 (App.
1498 4140 1522 4210 a)
1541 4138 1607 4194 Sap¹
1627 4139 1660 4193 sp,
1680 4138 1741 4194 hm,
1761 4137 1780 4191 L

559 4195 595 4252 Β.
616 4194 645 4250 C·
666 4195 690 4259 i,
708 4195 754 4260 bl)
772 4194 943 4250 secutorem
961 4193 1070 4248 dedisse
1087 4191 1173 4246 credit
1191 4191 1397 4248 Freinshemius.

1498 4229 1522 4298 ο)
1541 4225 1600 4280 liae
1622 4224 1682 4295 lege
1706 4223 1804 4278 iactum
1827 4232 1886 4290 est,
1910 4235 1939 4280 nt
1956 4225 2055 4280 nemini
2079 4225 2193 4296 amplias
2215 4223 2404 4298 prorogaretur

527 4295 549 4355 a)
566 4291 627 4345 Liv.
646 4306 689 4360 ep.
707 4289 751 4344 aa.
859 4300 864 4312 ·
970 4374 981 4392 ⁴
1025 4369 1033 4390 ⁸
1056 4376 1062 4392 Ι
1209 4377 1215 4392 .
1531 4297 1685 4368 imperium,
1712 4293 1761 4348 sed
1785 4295 1945 4380 retinpretur
1968 4298 2026 4350 slne
2050 4297 2257 4419 prorogatione,
2285 4298 2347 4352 dum
2364 4315 2405 4354 se·

525 4381 550 4448 a)
568 4379 640 4446 App,
658 4373 694 4428 Β,
713 4372 743 4427 c,
764 4373 867 4439 2100.
902 4375 931 4428 ιχ
947 4393 998 4428 m
1016 4390 1135 4448 aptam
1152 4373 1261 4432 {mm
1532 4375 1610 4419 natus
1628 4381 1812 4418 successorem
1831 4373 1955 4419 mitteret.
1991 4366 2032 4421 lta
2060 4377 2148 4422 actum
2167 4376 2215 4433 est,
2240 4376 2268 4419 nt
2285 4365 2316 4418 L
2336 4365 2406 4422 Len·

528 4475 551 4543 1)
568 4467 720 4536 Utrumque
737 4465 837 4522 tactum
864 4476 906 4520 est
923 4486 949 4522 a.
967 4469 1010 4534 80,
1029 4466 1123 4521 decem
1148 4483 1233 4522 annos
1258 4475 1321 4520 ante
1346 4466 1355 4520 Ι
1391 4483 1433 4520 em
1532 4435 1603 4490 “¹¹⁰¹
1632 4443 1736 4503 Ἥκω
1766 4450 1851 4488 ”¹¹¹OE
1880 4434 2001 4492 ⁰¹¹¹⁰¹⁸¹¹¹
2026 4437 2171 4506 A⁵¹¹²¹¹¹¹l¹¹¹³
2199 4435 2406 4505 fldmlfllsstmrtt,

560 4536 1043 4674 aggae-,ggagpggffpgph
1072 4534 1434 4672 3‘101pp,g;,223,¹23m⁰5
1532 4503 2405 4648 iila:2¹¹¹lbtlllntti?‘satillaotlllaillllff

560 4681 578 4735 h
605 4679 615 4732 Ι
662 4677 739 4733 ,145
757 4673 807 4743 ⁰!-
830 4683 860 4729 α
878 4679 928 4734 ¹49
945 4675 987 4734 οι,
1030 4677 1076 4732 De
1092 4693 1186 4732 mm
1201 4680 1226 4731 Α
1245 4677 1348 4747 mu
1390 4679 1425 4732 59
1532 4644 1634 4702 Verres
1646 4646 1765 4700 Siciliam
1782 4647 1919 4702 retineret.
1948 4647 1980 4700 V.
1993 4647 2028 4700 de
2046 4644 2096 4698 bac
2114 4644 2173 4716 lege
2191 4647 2323 4717 egregiam
2342 4649 2404 4704 Fer.

581 4695 698 4806 ‘uphem
723 4755 813 4800 mm,
837 4746 874 4800 ΙΙ
898 4765 924 4802 ⁸·
941 4715 995 4816 33:
1017 4765 1046 4803 v·
1066 4747 1160 4804 Dm
1179 4749 1204 4812 2,
1222 4695 1248 4816 1¹:
1268 4749 1328 4804 Μ,
1346 4717 1372 4799 η’
1391 4715 1434 4803 75:
1533 4716 1593 4770 retii
1610 4717 1689 4785 epist.
1707 4715 1725 4768 l.
1746 4713 1789 4780 ΙΙΙ,
1808 4717 1834 4781 C,
1854 4733 1923 4786 quse
1939 4717 2054 4785 repetita
2072 4723 2113 4766 est
2131 4713 2159 4768 in
2173 4713 2304 4772 Cicerone
2322 4717 2405 4775 Gata-

561 4770 971 4890 depensidemapp.1‚loo
1008 4817 1091 4878 Quod
1106 4817 1179 4874 idem
1198 4815 1277 4882 dicit,
1296 4817 1382 4870 tribus
1400 4815 1435 4870 de
1534 4787 1644 4840 mmm
1664 4785 1722 4840 Μ·
1743 4784 1795 4849 ”⁷3
1820 4785 1855 4840 d·
1874 4786 1968 4840 ΒΜ·
1985 4787 2011 4849 2¹
2028 4801 2057 4854 Ρ·
2074 4785 2136 4842 Μ’
2183 4877 2188 4886 ,

564 4889 684 4976 legendis
701 4889 729 4942 iu
747 4897 869 4944 senatum
887 4887 1020 4958 equitibus
1044 4885 1168 4960 suffragia
1186 4886 1292 4951 tulisse,
1315 4885 1344 4940 td
1362 4883 1436 4941 baud
1503 4872 1538 4940 ¹⁰)
1558 4871 1652 4926 nsum·
1670 4874 1696 4938 22
1714 4890 1743 4943 P·
1761 4873 1810 4928 5¹3¹
1831 4889 1873 4941 ΜΙ·
1900 4873 1926 4936 3,
1944 4887 1971 4941 Ρ·
1992 4871 2051 4927 ¹³¹·

436 4983 463 5015 a.
565 4977 622 5013 scio
645 4977 680 5012 an
704 4975 790 5013 novus
816 4976 891 5012 error
909 4959 951 5028 Ap
973 4958 1026 5011 iani
1044 4959 1090 5025 sit,
1115 4965 1141 5012 et
1159 4973 1224 5010 vere
1243 4958 1374 5026 pertineat
1400 4955 1436 5010 ad
1503 4958 1539 5027 ¹¹)
1558 4957 1613 5012 Cic.
1632 4976 1658 5028 p.
1678 4957 1782 5012 Cluent
1799 4960 1843 5023 bd,
1860 4957 1904 5012 66.

564 5029 650 5100 legem
669 5027 816 5095 Plautiam,
835 5045 869 5083 ex
887 5045 940 5098 qua
954 4975 1058 5083 ludices
1076 5029 1192 5083 tributim
1210 5026 1384 5092 creabantur,
1402 5025 1437 5080 de
1505 5030 1540 5098 ¹²)
1558 5028 1593 5082 ib.
1612 5031 1656 5093 25,
1674 5030 1718 5084 os.
