5254 6186
515 771 714 872 Quumque
734 763 874 872 iniame
895 770 999 836 esset
1022 784 1141 860 genus
1168 758 1361 838 hominum
1385 759 1434 836 ad
1461 759 1751 862 depugnandum
1773 760 1836 836 vel
1861 757 1961 838 inter
1987 759 2213 862 gladiatores
2239 767 2302 844 vel
2329 791 2412 847 cum

515 885 647 964 bestiis
674 891 950 959 auctoratorum
966 877 1016 977 55)
1045 921 1091 934 -
1118 888 1228 953 erant
1252 878 1352 954 enim
1377 877 1418 957 bi
1453 889 1517 954 aut
1549 878 1652 953 servi
1686 887 1751 953 aut
1776 877 1916 980 captiti
1942 922 1990 934 -
2018 905 2203 980 quumque
2229 884 2293 982 qui
2318 884 2413 962 isaie

515 1015 694 1098 staturam
709 999 759 1098 55)
786 1008 954 1072 artamve
980 993 1162 1070 ludicram
1189 1004 1405 1086 exerceret,
1423 991 1472 1094 55)
1500 994 1632 1070 eodem
1660 996 1744 1070 loco
1771 1005 1892 1090 esset,
1920 1021 1991 1094 quo
2019 997 2083 1094 qui
2110 1009 2303 1098 quaestum
2328 1026 2414 1076 cor—

514 1148 607 1225 pore
634 1114 909 1194 lenociniumve
936 1111 1097 1203 faceret,
1133 1110 1245 1211 quive
1270 1111 1544 1188 atrocissimum
1575 1113 1747 1211 quodque
1775 1115 1898 1188 scelus
1924 1114 2171 1213 patravisset,
2190 1116 2238 1216 55)
2275 1118 2414 1196 Caesar

515 1239 675 1342 primum
697 1230 1045 1332 equitesRomanos
1067 1239 1355 1328 senatorumque
1376 1229 1489 1322 filios,
1515 1231 1643 1330 paullo
1669 1241 1758 1331 post
1784 1241 1977 1306 senatores
2004 1231 2162 1331 pecunia
2188 1234 2414 1334 saepiusque

516 1357 629 1434 etiam
655 1351 694 1427 vi
717 1347 898 1451 perpulit,
924 1357 967 1423 ut
987 1355 1051 1422 aut
1071 1346 1160 1420 ludo
1188 1371 1374 1446 arenaque
1396 1347 1668 1447 polluerentur,
1695 1357 1759 1428 aut
1779 1347 1997 1424 lanistarum
2024 1347 2141 1424 instar
2167 1350 2414 1448 gladiatorum

515 1470 696 1550 exercitia
729 1476 916 1568 regerent
938 1465 987 1564 55)
1039 1463 1198 1540 Munere
1233 1463 1273 1538 in
1307 1463 1390 1540 loro
1427 1463 1738 1564 depugnarerunt
1772 1466 1820 1540 Τ.
1854 1465 2044 1540 Munatius
2079 1467 2242 1542 Plancus
2274 1467 2412 1562 Bursa,

515 1604 561 1671 tr.
588 1590 640 1690 pl.
668 1613 700 1661 a.
726 1584 796 1675 52,
829 1582 970 1658 Furius
995 1580 1203 1680 Leptinus,
1239 1581 1358 1680 stirpe
1384 1580 1594 1682 praetoria,
1629 1582 1676 1683 Q.
1704 1583 1913 1683 Calpenus,
1940 1592 2092 1658 senmor
2118 1585 2322 1682 quondam,
2355 1586 2413 1660 lu-

515 1708 646 1804 disque
680 1701 858 1780 Decimus
892 1698 1077 1776 Laberius
1111 1723 1227 1797 eques
1253 1698 1444 1774 Romanus
1478 1723 1563 1774 cum
1596 1720 1739 1774 summa
1772 1698 1938 1797 equitum
1971 1697 2227 1798 indignatione
2261 1689 2418 1780 mimum¹

515 1847 622 1900 suum
650 1820 739 1922 egit
758 1819 806 1919 55)
858 1818 937 1894 Sed
963 1815 1082 1894 tristis
1109 1813 1282 1892 Caesaris
1310 1815 1436 1893 exitus
1463 1815 1600 1908 docuit,
1627 1815 1872 1907 nobilitatem,
1899 1825 1941 1890 ut
1966 1815 2212 1914 impotentem
2236 1817 2312 1894 iam
2336 1819 2412 1895 rei-

515 1941 687 2050 publicae
714 1937 990 2038 gubernandae,
1016 1933 1069 2008 ita
1091 1932 1286 2008 etiamtum
1313 1933 1453 2010 domini
1480 1958 1566 2008 esse
1592 1931 1861 2032 impatientem,
1892 1957 2046 2031 eamque
2072 1942 2137 2008 aut
2162 1959 2319 2034 prorsus
2346 1936 2413 2011 de·-

518 2060 685 2145 lendam,
724 2063 788 2128 aut
814 2053 937 2151 aliqua
958 2051 1107 2125 ratione
1133 2059 1172 2124 et
1199 2047 1459 2150 deleniendam
1486 2059 1525 2124 et
1559 2048 1802 2131 coercendam
1829 2075 1935 2141 esse,
1968 2050 2202 2148 usquedum
2227 2075 2348 2128 novae
2376 2061 2415 2126 et

518 2179 639 2270 adhuc
665 2170 835 2276 infirmae
863 2167 1107 2276 dominationi
1134 2165 1382 2241 adsuevisset.
1424 2168 1547 2266 Atque
1574 2164 1676 2240 illam
1702 2163 1887 2239 rationem
1912 2166 1941 2239 ii
1967 2165 2087 2240 secuti
2113 2176 2211 2260 sunt,
2237 2168 2301 2268 qui
2327 2180 2415 2269 post

518 2296 728 2393 Augustum
762 2287 1013 2389 principatum
1037 2283 1307 2376 obtinuerunt,
1342 2285 1437 2360 hauc
1471 2286 1662 2383 Augustus
1696 2280 1815 2380 ipse,
1835 2281 1895 2356 oui
1921 2281 1954 2356 si
1985 2281 2043 2356 illi
2074 2286 2413 2384 obtemperassent,

516 2411 651 2490 melius
679 2407 841 2480 fortasse
868 2417 907 2478 et
931 2402 1143 2502 principum
1170 2399 1382 2476 auctoritati
1408 2412 1448 2476 et
1472 2399 1701 2500 reipublicae
1728 2397 1838 2472 saluti
1863 2398 2073 2474 consultum
2095 2401 2241 2476 suisset.
2281 2402 2413 2502 Neque

517 2529 616 2605 enim
638 2527 743 2600 illum
767 2521 874 2621 fugit,
897 2520 996 2621 quod
1018 2530 1150 2622 postea
1169 2516 1316 2606 accidit,
1343 2515 1540 2594 exstinctis
1560 2515 1748 2590 nobilibus
1769 2514 1817 2588 ad
1839 2514 2026 2591 sordidam
2047 2517 2197 2616 plebem
2219 2518 2414 2593 libertino-

432 2649 437 2660 '
515 2625 673 2743 rumque
698 2635 969 2739 impudentiam
995 2646 1034 2710 et
1057 2661 1153 2735 opes
1181 2644 1220 2708 et
1245 2634 1451 2734 potentiam
1472 2643 1750 2735 perventuram,
1774 2657 1889 2729 quum
1916 2656 1991 2717 non
2017 2632 2194 2734 exiguum
2221 2638 2414 2712 continen-
2458 2711 2465 2722 ,

518 2763 649 2842 darum
674 2755 715 2832 in
741 2753 921 2855 obsequio
948 2751 1226 2854 provinciarum
1251 2762 1478 2827 momentum
1498 2751 1544 2842 ¹in
1578 2748 1797 2824 sustinenda
1822 2773 1868 2822 ea
1893 2748 1992 2823 fama
2019 2760 2127 2846 atque
2154 2752 2273 2850 gloria
2300 2767 2413 2845 esset,

519 2903 614 2980 quae
648 2882 800 2972 accepta
834 2897 856 2944 a
882 2871 1103 2960 maioribus,
1139 2868 1172 2942 si
1197 2871 1318 2944 minus
1345 2868 1485 2942 virtue
1511 2877 1685 2968 paterna,
1720 2877 1882 2940 attamen
1908 2865 2051 2940 divitiis
2076 2875 2188 2966 atque
2223 2870 2415 2946 nominum

518 2996 687 3096 ipsorum
721 2988 946 3062 celebritate
974 2987 1095 3060 adhuc
1128 2995 1348 3060 conseruata
1377 2996 1469 3060 erat.
1488 2985 1538 3084 55)
1589 2983 1849 3058 Provinciales
1877 2983 1996 3076 enim,
2034 2981 2098 3082 qui
2124 2984 2197 3060 soli
2219 2985 2414 3066 etiamtum

519 3107 718 3210 frugaliter
738 3114 969 3202 strenueque
990 3093 1180 3192 vivebant,
1208 3104 1253 3176 ab
1275 3101 1478 3178 honoribus
1503 3103 1589 3199 lege
1614 3109 1692 3179 tum
1717 3100 1901 3200 temporis
1924 3102 2159 3192 arcebantur,
2186 3125 2415 3202 magnaeque

518 3221 806 3330 provincialium
831 3221 870 3294 in
897 3231 1067 3297 senatum
1093 3218 1293 3293 lectionem
1319 3215 1482 3292 inuidiae
1510 3217 1628 3292 fuisse
1650 3216 1803 3291 Caesari
1828 3227 2156 3292 commemoratum
2173 3231 2261 3294 este
2285 3247 2309 3298 a
2335 3222 2414 3296 Ro-

519 3343 638 3419 manis
671 3338 767 3437 ipsis
801 3347 909 3410 erant
938 3335 1161 3432 quaerendi,
1195 3333 1323 3432 quiet
1357 3333 1597 3435 splendorem
1628 3335 1738 3410 milae
1774 3343 1812 3408 at
1843 3333 2121 3434 magistratibus
2155 3335 2415 3416 auctoritatem

517 3459 719 3546 afferrent3
754 3475 804 3526 ex
830 3451 964 3526 iisdem
991 3450 1202 3550 supplenda
1228 3459 1267 3524 et
1291 3450 1434 3526 iudicia
1454 3461 1493 3526 et
1518 3459 1690 3544 senatus,
1724 3450 1787 3551 qui
1812 3451 1886 3528 nisi
1913 3451 2063 3526 omuino
2089 3451 2277 3530 tollendus
2304 3477 2326 3529 a
2351 3481 2414 3531 re-

471 3615 483 3648 t
519 3574 669 3678 publica
694 3569 912 3660 videbatur,
947 3577 1047 3642 certe
1074 3565 1237 3641 ludibrio
1264 3567 1409 3644 civibus
1436 3593 1521 3644 esse
1547 3593 1622 3643 non
1648 3567 1790 3642 debuit.
1842 3567 1936 3640 Nam
1963 3569 2097 3640 eodem
2123 3579 2313 3668 tempore,
2340 3595 2414 3672 quo

487 3677 505 3708 ⁸
517 3689 730 3797 principum
763 3694 865 3760 metu
899 3681 1123 3759 nobilissimi
1149 3684 1284 3786 quique
1320 3682 1643 3782 amagistratibus
1676 3679 1830 3758 summis
1857 3680 2002 3758 exclusi
2028 3692 2134 3776 suut,
2168 3683 2215 3777 iij,
2246 3685 2311 3786 qui
2338 3687 2414 3766 illis

518 3797 676 3884 timendi
699 3805 776 3878 non
801 3800 1036 3893 videbantur,
1064 3797 1177 3878 etiam
1203 3799 1347 3874 civibus
1373 3799 1656 3900 peregrinisque
1683 3796 1887 3874 contemtui
1912 3823 1999 3876 esse
2025 3811 2242 3899 coeperunt.

684 3921 878 4018 Augustus
904 3917 1030 4018 igitur,
1058 3940 1170 4015 quum
1192 3912 1320 3992 fractis
1346 3915 1551 3992 nobilitatis
1572 3916 1716 3992 viribus
1738 3939 1859 4014 usqne
1880 3915 2161 4016 exstirpandam
2182 3919 2416 3998 nobilitatem

518 4064 640 4137 neque
666 4036 722 4114 ita
746 4035 1039 4110 conservandam
1065 4041 1235 4136 putaret,
1267 4042 1310 4109 ut
1335 4033 1410 4133 ipsi
1437 4043 1540 4109 esset
1564 4033 1748 4127 timenda,
1785 4035 1973 4109 diversam
1999 4032 2099 4108 viam
2124 4034 2317 4133 ingressus
2342 4049 2414 4129 est,

517 4168 562 4234 ut
586 4155 747 4257 primum
774 4150 846 4226 sibi
873 4151 1125 4250 obstringeret
1148 4149 1362 4226 universam
1387 4175 1491 4244 eam,
1517 4177 1613 4249 quae
1639 4159 1855 4253 supererat,
1891 4147 2124 4228 nobilitatem
2151 4160 2189 4226 et
2216 4153 2351 4254 opibus
2377 4163 2417 4228 et

518 4272 723 4353 bonoribus
758 4277 798 4344 et
821 4295 955 4345 securo
983 4269 1082 4344 otio:
1116 4266 1254 4342 deiude
1277 4265 1477 4342 conciliato
1513 4279 1694 4368 auctoque
1728 4269 1847 4342 altero
1874 4267 2025 4359 ordine,
2061 4267 2124 4366 qui
2149 4268 2268 4344 libera
2300 4295 2415 4370 repu-

517 4389 617 4467 blica
648 4385 889 4484 optimatibus
922 4411 1039 4488 saepe
1065 4384 1288 4478 restitisset,
1322 4383 1362 4460 in
1388 4383 1537 4460 iudiciis
1561 4384 1769 4486 populique
1801 4383 2045 4460 concionibus
2076 4385 2334 4461 anctoritatem
2367 4387 2415 4463 il-

576 4669 621 4724 Da
639 4675 754 4722 renota
772 4681 798 4720 v.
816 4667 844 4721 ln
865 4683 885 4721 r.
904 4667 1032 4724 Dlrksen.
1051 4667 1088 4724 ad
1105 4668 1172 4724 Tab.
1190 4669 1253 4724 Her.
1272 4685 1299 4740 p.
1318 4666 1431 4733 aa-aa
1501 4671 1537 4740 Ι5)
1555 4668 1611 4724 Dio
1629 4668 1673 4735 43,
1691 4665 1734 4727 23.
1772 4668 1806 4724 ct
1824 4669 1921 4724 Drum.
1939 4669 1966 4738 8,
1983 4685 2010 4740 p.
2029 4665 2090 4724 ala

520 4745 544 4782 Μ
576 4738 642 4798 Tab'
661 4737 727 4792 fler·
747 4752 803 4792 ⁸⁶¹·
851 4738 1148 4820 “9'1'49Dl‘mn‘
1501 4773 1538 4844 55)
1556 4775 1633 4829 Saat.
1653 4771 1732 4826 Gaea
1750 4742 1793 4830 99
1829 4771 1954 4826 Macrob.
1973 4771 2031 4822 Sat.
2048 4767 2076 4834 2,
2094 4767 2119 4822 7.
2154 4766 2250 4824 urum.
2270 4769 2297 4837 3,
2315 4789 2342 4844 p.
2352 4771 2413 4830 aas.

520 4815 545 4850 ⁸⁸
575 4827 602 4864 v.
612 4809 683 4879 inpr.
698 4805 872 4865 Hetuecctum
884 4807 920 4861 ad
930 4807 983 4879 leg.
993 4805 1040 4863 lul.
1052 4815 1081 4864 et
1091 4808 1160 4881 Pap.
1171 4806 1263 4879 Popp.
1274 4825 1300 4878 p.
1312 4805 1361 4866 121
1373 4823 1432 4876 sqq.
1840 4877 1847 4892 υ
2097 4872 2104 4888 ,

520 4876 710 5017 aquillio&
718 4877 834 5003 lleraclfi'
847 4936 910 5002 aar.
934 4943 1025 5018 Neap.
1051 4964 1074 5002 e.
1099 4944 1162 5002 vul
1185 4945 1203 5000 Ι.
1226 4943 1276 5032 49.ἱ
1311 4944 1433 5001 Dlrksen
1501 4875 1912 5029 mandendisluibwuabldgdvm
1927 4871 2019 4999 uidebis
2029 4870 2120 5018 midde·
2144 4873 2417 5024 abddmdwuib:

420 5011 426 5022 ’
554 5016 718 5089 proras
