5254 6186
497 577 576 660 44

490 810 738 901 consentiunt,
766 816 829 881 aut
854 813 939 880 ante
966 803 1122 897 Sullam,
1149 804 1248 902 quod
1275 802 1446 902 equidem
1475 801 1781 895 existimaverim,
1808 801 2024 903 autpriore
2050 806 2319 905 temporalem
2346 808 2385 883 in

489 929 581 1003 xlv
615 925 808 1002 ordinibus
843 922 988 1020 equites
1015 920 1181 1012 sedisse,
1200 920 1248 1019 49)
1285 923 1353 996 sed
1379 932 1503 995 tamen
1530 947 1575 995 ea
1609 946 1671 995 res
1706 919 1925 995 incredibile
1960 930 2019 994 est
2053 931 2229 1019 quantum
2261 924 2385 1024 plebis

489 1045 615 1121 odium
649 1040 882 1117 excitaverit.
902 1038 950 1138 50)
1003 1037 1097 1111 Nam
1124 1037 1304 1137 primum,
1340 1037 1450 1114 sicuti
1476 1037 1521 1111 P.
1549 1035 1726 1111 Africano
1761 1061 1927 1110 summae
1952 1036 2117 1113 invidiae
2146 1038 2236 1134 luit,
2275 1043 2386 1141 quod,

490 1185 601 1260 quum
629 1160 760 1242 consul
786 1167 889 1231 esset
914 1179 996 1229 cum
1024 1153 1070 1227 Τ.
1097 1153 1231 1254 Longo
1258 1155 1314 1253 (a.
1346 1154 1419 1228 194
1444 1179 1476 1227 a.
1504 1153 1592 1226 Chr.
1619 1153 1699 1253 m),
1732 1177 1865 1253 passus
1893 1161 1952 1226 est
1977 1164 2053 1228 tum
2081 1156 2243 1258 primum
2270 1183 2291 1233 a
2316 1184 2386 1260 po-

489 1276 612 1376 pulari
638 1300 818 1350 consessu
845 1272 1033 1348 senatoria
1059 1270 1240 1346 subsellia
1260 1271 1439 1371 separari,
1466 1269 1520 1344 sic
1541 1270 1640 1344 idem
1666 1271 1706 1344 in
1733 1269 1920 1367 equitibus
1947 1275 2025 1343 tum'
2051 1273 2160 1373 plebs
2188 1299 2301 1373 aegre
2328 1277 2387 1350 se·

490 1396 616 1469 rebatz
643 1417 763 1490 neque
789 1415 947 1488 unquam
975 1389 1035 1463 hic
1061 1413 1142 1462 mos
1169 1413 1287 1486 usque
1315 1390 1361 1463 ad
1387 1388 1653 1486 imperatorum
1681 1398 1852 1487 tempora
1878 1413 1899 1461 a
1923 1387 2072 1462 theatro
2099 1391 2144 1476 ad
2171 1392 2281 1466 ludos
2304 1391 2388 1466 ctr-

490 1535 622 1586 censes
649 1511 817 1609 perlatus
845 1517 904 1582 est
912 1536 923 1599 3
942 1506 991 1606 ⁵¹)
1017 1505 1154 1579 deinde
1181 1515 1325 1598 autem,
1351 1505 1463 1604 idque
1491 1503 1642 1578 maximi
1670 1503 1846 1577 momenti
1873 1513 1971 1596 erat,
1999 1529 2074 1579 non
2101 1505 2266 1600 deerant,
2294 1535 2390 1609 quos
2432 1564 2436 1572 -

490 1653 564 1702 nou
592 1625 759 1725 sugeret,
795 1623 883 1722 quid
910 1622 1059 1721 assequi
1085 1623 1155 1696 hac
1189 1631 1298 1720 atque
1333 1621 1546 1697 huiusmodi
1575 1621 1722 1720 legibus
1748 1620 1923 1695 nobilitas
1951 1622 2131 1697 studeret
2184 1624 2327 1701 Tamen
2354 1627 2388 1702 is
2443 1685 2445 1690 ·

451 1752 456 1760 '
490 1743 572 1818 eius
599 1743 654 1817 rei
683 1750 842 1817 eventus
869 1741 960 1832 fuit,
996 1751 1037 1814 ut
1063 1739 1098 1814 ei
1125 1738 1228 1830 siro,
1264 1738 1326 1837 qui
1353 1749 1392 1813 ct
1417 1750 1546 1814 auctor
1571 1739 1704 1813 horum
1730 1738 1970 1812 consiliorum
1996 1739 2162 1833 senatui,
2196 1751 2234 1816 et
2259 1741 2389 1819 Roscii

491 1863 537 1936 ob
565 1860 660 1934 banc
692 1859 815 1957 legem
844 1857 983 1932 amicus
1010 1865 1049 1930 et
1074 1857 1200 1930 fautor
1226 1865 1346 1948 esset,
1365 1855 1413 1954 52)
1451 1881 1531 1930 eam
1560 1855 1731 1928 ordinum
1759 1853 2011 1947 concordiam,
2046 1879 2118 1953 qua
2145 1859 2226 1934 sola
2251 1861 2388 1936 durare

491 1999 605 2077 possa
633 1973 839 2048 nobilitatis
865 1973 1095 2073 principatus
1123 1972 1335 2064 rideretur,
1362 1973 1395 2046 si
1421 1999 1514 2064 non,
1542 1973 1640 2071 quod
1667 1971 1805 2063 voluit,
1832 1971 1871 2045 in
1898 1997 2007 2047 omne
2033 1997 2185 2067 aevum,
2213 1987 2390 2073 attamen,

490 2092 530 2170 id
556 2093 654 2189 quod
682 2092 802 2166 solum
829 2090 901 2164 iam
928 2090 1012 2163 fieri
1038 2089 1172 2189 potuit,
1200 2089 1246 2163 ad
1267 2091 1379 2166 breve
1405 2101 1554 2190 tempus
1581 2089 1704 2162 denuo
1726 2089 1932 2178 conciliare
1958 2091 2202 2191 contingeret.
2254 2089 2389 2169 Cicero

491 2209 589 2283 enim
625 2218 665 2282 et
696 2207 893 2280 tumultum
928 2205 1049 2306 plebis
1085 2207 1132 2280 ob
1159 2205 1334 2282 Rosciam
1367 2209 1490 2308 legem
1526 2216 1644 2280 ortam
1678 2204 1717 2281 in
1750 2209 1944 2281 consulatu
1978 2233 2046 2282 suo
2081 2209 2247 2308 sedavit,
2266 2213 2314 2314 ⁵³)
2349 2225 2390 2288 et
2485 2211 2490 2220 '

492 2335 688 2422 utrumque
717 2323 884 2397 ordinem
912 2324 964 2398 ita
991 2334 1120 2398 contra
1141 2323 1322 2398 Catilinae
1349 2326 1560 2400 coniuratos
1588 2322 1791 2414 coniunxit,
1818 2333 1959 2398 utnon
1985 2328 2115 2401 urbem
2142 2329 2187 2401 ab
2214 2327 2388 2406 incendio

490 2441 724 2541 perditorum
758 2439 947 2514 hominum
983 2440 1175 2514 liberatam
1202 2440 1334 2515 maiori
1360 2441 1432 2516 sibi
1464 2439 1566 2515 laudi
1592 2440 1761 2532 duxerit,
1795 2462 1904 2538 quam
1931 2441 2072 2518 ordinis
2099 2443 2292 2543 utriusque
2318 2471 2391 2545 per
2462 2500 2466 2508 ·

493 2583 536 2632 se
563 2557 736 2632 effectam
762 2556 1080 2648 coniunctionem,
1099 2556 1147 2654 54)
1173 2567 1306 2656 postea
1332 2567 1456 2632 autem
1489 2567 1529 2630 et
1561 2555 1733 2656 publicae
1760 2567 1799 2630 et
1831 2581 1920 2632 suae
1956 2559 2174 2637 calamitatis
2208 2587 2283 2638 non
2317 2565 2389 2640 mi·

493 2829 531 2894 41)
550 2824 592 2878 Ad
612 2825 798 2894 antiquissima
816 2841 910 2896 regum
929 2834 1054 2894 tempora
1072 2823 1125 2879 ltoc
1143 2826 1184 2878 ius
1202 2823 1286 2880 relert
1305 2819 1408 2880 liuscb·
1502 2819 1590 2893 picbls
1608 2825 1761 2894 anteposuit
1779 2821 1851 2894 apud
1871 2823 1978 2881 (braum
2001 2828 2050 2895 (sc.
2069 2825 2168 2898 Nero).
2205 2827 2331 2900 Namque
2349 2833 2386 2887 ad

527 2896 587 2948 kias
614 2893 650 2948 de
676 2897 755 2948 Serv.
784 2893 853 2947 Tull.
880 2913 907 2964 p.
935 2894 984 2949 tot
1014 2911 1053 2962 sq.
1103 2895 1177 2948 ldem
1212 2895 1277 2948 «licit
1311 2895 1409 2948 tratres

525 2963 784 3018 Stoclrnrunnos
812 2961 838 3016 in
864 2963 969 3017 dissert.
990 2963 1024 3017 do
1049 2964 1153 3034 legibus
1181 2963 1259 3018 Rom.
1284 2963 1409 3018 theatral.

526 3051 549 3086 c.
559 3037 585 3098 1,
596 3050 621 3101 p.
631 3033 676 3096 at,
694 3029 880 3088 demoratura
898 3032 1019 3099 studere,
1037 3049 1092 3086 non
1111 3035 1260 3088 restitutum
1279 3050 1340 3086 esse
1358 3032 1410 3084 lroc

418 3135 427 3148 ·
525 3102 580 3167 ius,
599 3101 648 3155 sed
669 3109 722 3154 tum
742 3102 855 3170 primum
874 3104 1029 3156 institutum.
1066 3101 1135 3174 Ego,
1155 3119 1305 3172 quiunquam
1324 3118 1412 3170 neque

526 3171 597 3225 banc
614 3171 830 3224 dissertationem
848 3172 912 3234 vidi,
928 3189 1016 3242 neque
1032 3172 1064 3225 lis
1080 3175 1223 3237 assentior,
1242 3175 1286 3241 qui
1305 3172 1410 3225 resti·

524 3250 630 3294 tuere
649 3240 786 3310 explicant
805 3251 1010 3310 praestare,
1030 3251 1058 3295 ut
1076 3244 1163 3294 estin
1182 3241 1301 3312 legibus,
1321 3250 1411 3294 tamen

526 3309 567 3362 bis
594 3310 661 3361 locis
688 3327 740 3362 non
767 3311 876 3363 ttrnltom
900 3311 998 3362 tribuo.
1035 3309 1124 3368 ertnn
1150 3311 1220 3362 enlm
1239 3311 1335 3364 (licere
1381 3328 1411 3364 ro

528 3375 646 3430 Murena
666 3379 714 3440 lo,
740 3381 775 3431 dl)
794 3377 872 3429 dicit:
901 3380 957 3443 „la
983 3375 1076 3432 0tlro
1105 3381 1265 3447 equestri
1292 3380 1411 3434 ordini

527 3445 693 3499 restituit
723 3462 787 3499 non
818 3445 931 3498 solum
959 3446 1185 3516 dignitatem,
1215 3450 1275 3503 sed
1303 3450 1411 3503 etiam

526 3514 765 3584 voluptatem.
803 3513 998 3584 ltaquelcx
1019 3513 1121 3582 llaec,
1141 3519 1290 3587 quaead
1310 3519 1412 3571 ludos

525 3583 705 3656 pertinet,
732 3593 785 3638 est
811 3585 959 3638 omnium
985 3587 1206 3656 gratissima,
1235 3589 1326 3657 quud
1352 3587 1411 3640 lto·

527 3655 738 3708 nestissimo
775 3653 893 3707 ordini
929 3672 1006 3707 curu
1043 3655 1236 3724 splendore
1274 3659 1411 3711 lrttctos

527 3729 676 3793 quoque
696 3724 926 3776 iucunditatis
955 3733 1005 3776 est
1034 3723 1255 3792 restitutos“‚
1290 3744 1344 3780 aon
1371 3727 1412 3778 ios

418 3789 426 3806 '
527 3795 623 3862 ipsum,
643 3793 692 3846 sed
711 3796 768 3846 lore
786 3809 859 3845 novo
873 3793 1008 3861 antiquam
1029 3793 1183 3864 dignitatem
1197 3806 1224 3849 et
1237 3797 1411 3866 splendorem

526 3864 676 3917 restitutum
696 3881 757 3914 esse
777 3863 857 3928 dicit,
884 3863 979 3930 qoilnrs
998 3863 1072 3916 addit
1092 3863 1205 3917 lructum
1231 3865 1411 3929 itrcuuditatis,

528 3933 572 3999 qul
601 3931 655 3984 dici
680 3945 733 3984 non
757 3934 822 3984 item
846 3933 933 4001 potuit
956 3935 1093 3986 restitutus
1114 3949 1183 3986 esse.
1220 3935 1321 3988 'lateran
1342 3935 1411 3986 lmnc

528 4001 617 4054 lorum
636 4009 663 4052 et
681 4000 802 4054 Velleius
823 4003 960 4071 respicere
978 4003 1086 4056 videtur
1109 4005 1142 4068 1,
1160 4005 1210 4068 32,
1228 4004 1253 4056 3.
1291 4002 1410 4069 „otho

526 4069 680 4124 Rosclus
706 4068 784 4140 lege
809 4088 870 4122 sua
895 4073 1080 4140 equitibus
1104 4073 1137 4125 ln
1162 4070 1307 4126 theatro
1333 4074 1410 4127 loca

526 4139 724 4202 restituit“,
752 4148 780 4192 et
799 4139 853 4192 Dio
872 4142 919 4206 311,
943 4141 993 4207 ⁶25,
1018 4143 1077 4210 qui,
1096 4140 1168 4212 quod
1188 4141 1223 4196 de
1241 4145 1327 4213 gratia
1344 4143 1410 4212 legis

527 4207 601 4274 dicit,
620 4217 716 4277 aperte
735 4225 751 4262 e
767 4207 898 4263 Cicerone
918 4211 1074 4279 desumpsit,
1094 4229 1172 4279 qtnun
1192 4228 1223 4265 re
1240 4213 1299 4281 ipsa
1317 4213 1410 4281 parneis

527 4287 630 4333 tautum
659 4293 692 4330 aa
719 4277 763 4332 len
791 4288 870 4350 grata
898 4279 994 4346 luerit,
1025 4280 1097 4349 plebi
1126 4298 1195 4335 vero
1222 4283 1408 4352 ingratisslma.

525 4348 668 4416 liodrspre,
688 4347 788 4413 inquit,
806 4351 858 4419 μὲν
873 4341 921 4404 οὖν
938 4351 984 4404 καὶ
1003 4351 1017 4402 ὁ
1034 4354 1159 4408 Ῥώσκιος
1176 4357 1267 4422 νόμον,
1290 4356 1410 4423 ἐσήνεγοιε

526 4417 557 4470 δὲ
576 4420 619 4468 καὶ
634 4417 743 4472 ὁΓοΐιός
752 4422 891 4484 Μανίλιος,
911 4419 952 4474 b're
965 4423 1163 4493 ἐδημάρχησον,
1182 4423 1233 4474 ἀλλ’
1252 4425 1349 4478 ἐκεῖνος
1360 4423 1411 4492 μὲν

526 4483 586 4554 (τοὶς
598 4485 657 4607 peip
677 4486 728 4536 τῶν
746 4488 846 4539 ἱππέων
871 4489 916 4546 τοὶς
934 4493 962 4542 ἐν
979 4493 1103 4561 θεάτροις
1127 4491 1208 4563 1ι1ροις
1226 4492 1340 4563 ἀκριβῶς
1358 4491 1410 4544 sind

526 4557 579 4608 τῶν
607 4556 683 4606 allam
702 4555 833 4624 ciqalpses)
851 4557 896 4609 καὶ
914 4561 1023 4612 ἔπαινον
1040 4561 1078 4612 ἐπ’
1096 4560 1164 4629 αὐτῷ
1181 4563 1270 4628 ilaris·
1295 4563 1309 4613 οι
1329 4561 1358 4612 da*
1378 4560 1410 4624 dri

526 4627 656 4680 Μανίλιος
681 4625 724 4676 καὶ
752 4625 828 4690 δίκην
855 4627 945 4697 ὀλίγον
971 4629 1077 4698 ὑπέσχε.
1126 4627 1241 4683 Dionem
1270 4629 1409 4682 Ciceronis

526 4691 693 4746 orationibus
719 4711 792 4746 ttsrtm
819 4711 897 4758 esse,
925 4696 1044 4764 pluribus
1062 4696 1257 4750 dernenstmvit
1275 4697 1410 4752 ll'ilmons

527 4761 679 4884 ⁶⁰3ldi⁰¹¹³⁸
697 4761 784 4816 Cassii
809 4761 926 4816 lontibus
948 4775 975 4818 et
993 4767 1163 4820 auctoritate.
1200 4765 1322 4820 Baralini
1343 4767 1411 4822 1836

526 4849 553 4900 p.
625 4849 683 4900 sqq.

494 4932 530 5006 11)
549 4931 622 4986 Plut.
643 4933 697 4987 cto.
720 4937 759 4992 ta.

494 5036 529 5104 Μ)
549 5034 612 5088 Tac.
623 5037 692 5090 dun.
707 5038 750 5103 15,
762 5041 811 5094 32:
830 5037 975 5108 „Equitum
987 5039 1170 5095 Romanorum
1184 5039 1261 5096 locos
1280 5041 1409 5096 sedilibus
1437 5037 1442 5106 Ι

1504 2909 1564 2946 eam
1590 2893 1660 2948 diem
1684 2896 1823 2950 indiscreti
1841 2897 1958 2963 inibant,
1983 2899 2045 2966 quis
2061 2898 2105 2952 les
2126 2898 2226 2952 [lasela
2244 2901 2308 2956 uibll
2332 2903 2385 2958 nlsl

1504 2963 1539 3014 de
1557 2964 1771 3031 qumtuordecim
1790 2964 1927 3020 ordinibus
1946 2970 2066 3021 sanxlt“.
2096 2968 2141 3024 De
2157 2967 2267 3040 reliquis
2281 2971 2386 3044 legibus

1504 3031 1601 3086 theotr.
1620 3033 1755 3088 ridendos
1775 3044 1817 3090 est
1835 3035 1871 3116 ad
1889 3035 1916 3091 b.
1934 3035 1950 3088 l.
1970 3037 2084 3106 Lipsius.

1472 3125 1822 3196 12)111ο.ρι·.111ιιι·.1.1.
1867 3131 2034 3198 Roscius,
2061 3131 2114 3184 vir
2139 3129 2262 3201 sortis,
2289 3152 2386 3192 meus
2462 3199 2466 3206 ,

1504 3199 1741 3251 necessarius.

1472 3280 1808 3352 ω)1)111ι.11.Ν.7,30.
1845 3283 1891 3336 'l'e
1910 3283 2054 3338 dicante
2071 3286 2180 3358 legam
2199 3291 2390 3360 agrariam,-

1505 3349 1569 3403 lroc
1595 3357 1663 3418 est,
1689 3351 1859 3406 alimenta
1882 3371 1944 3406 sua
1968 3353 2229 3413 abdicaverunt
2254 3359 2384 3426 tribus,

1505 3430 1539 3473 te
1557 3421 1730 3476 stradente
1754 3423 1885 3478 Roscio
1910 3423 2103 3480 theatralis
2129 3428 2268 3482 attctori
2294 3429 2324 3481 le
2354 3430 2383 3481 ls

1504 3487 1716 3576 ignoverunt
1744 3501 1957 3562 notatasque
1984 3511 2021 3546 se
2048 3496 2257 3582 qlls·crlmine
2284 3447 2384 3552 sedis

1506 3577 1750 3682 tortian
1768 3561 1936 3684 ‘rista
1974 3561 2382 3706 arannrta'sn

1505 3706 1639 3766 gratantum
1659 3713 1685 3750 v.
1704 3713 1748 3766 ap.
1768 3646 1854 3753 drell.
1873 3698 1934 3751 vot.
1967 3697 2002 3766 V,
2018 3699 2044 3767 2,
2062 3720 2089 3772 p.
2108 3704 2168 3758 455.

1472 3791 1508 3856 Ι1)
1528 3787 1583 3842 cic.
1604 3789 1663 3844 (lot.
1682 3797 1714 3857 d,
1740 3795 1769 3857 7,
1794 3795 1833 3848 15.
1870 3793 1961 3852 Qtrid
1985 3813 2048 3866 ego
2074 3794 2128 3850 blc
2152 3799 2293 3866 equites
2318 3799 2383 3852 llo·

1505 3874 1624 3913 manos
1648 3878 1913 3918 commemorem
1938 3893 1974 3906 -
1999 3894 2034 3908 -
2064 3896 2093 3906 -
2124 3883 2208 3934 qrros
2233 3885 2273 3920 ex
2297 3866 2382 3922 mul-
2455 3909 2460 3926 .

1505 3935 1614 3982 torum
1634 3948 1799 3986 annorum
1819 3932 2047 3989 dissensione
2064 3936 2104 3988 ad
2124 3935 2227 3990 lrulue
2247 3938 2384 3991 ordinis

1503 3997 1711 4055 societatem
1747 4004 2049 4074 concordiamque
2080 4015 2285 4071 revocatos,
2322 4007 2383 4058 bo·

1505 4066 1647 4122 dlernus
1683 4071 1758 4124 dies
1789 4074 1972 4127 vobiscum
2006 4083 2113 4142 atqae
2143 4073 2227 4126 baec
2258 4091 2384 4128 carrssa

1505 4138 1704 4209 coniungit:
1723 4155 1822 4206 ‹puam
1841 4145 2143 4207 coniunctionem,
2161 4143 2190 4198 si
2209 4143 2240 4196 in
2260 4161 2381 4198 consu·

1504 4205 1579 4258 latu
1608 4209 1853 4263 confirmatam
1881 4229 1954 4267 mee
2008 4221 2189 4280 erpetuum
2217 4214 2250 4268 iu
2282 4228 2382 4282 repu-

1504 4273 1599 4329 blica
1631 4281 1862 4338 tenuerimus,
1897 4300 1961 4335 con
1983 4299 2067 4336 rrmo
2101 4283 2214 4347 vobis,
2248 4283 2382 4336 nullum

1505 4345 1658 4464 postltac
1684 4348 1806 4403 rrralurn
1832 4350 1942 4404 civile
1966 4369 2004 4406 ac
2024 4353 2255 4408 domesticum
2274 4352 2314 4404 ad
2334 4352 2381 4405 ul·

1523 4429 1571 4464 am
1599 4415 1824 4486 reipubllcae
1851 4429 1986 4488 partem
2018 4439 2098 4477 esse
2128 4427 2319 4478 venturum.
2355 4421 2382 4475 ln

1503 4479 1671 4551 Pison.3,l.
1703 4490 1819 4557 Atque
1837 4489 1883 4542 ‘rta
1902 4501 1989 4546 esta
2008 4509 2057 4545 me
2076 4487 2285 4544 consulatus
2303 4507 2380 4558 per·

1504 4562 1621 4620 actura,
1649 4557 1793 4611 utnilrll
1818 4559 1894 4614 slne
1919 4561 2073 4616 consilio
2098 4563 2263 4623 senatus,
2292 4558 2381 4614 nilrll
2457 4586 2460 4592 ¹

1503 4637 1569 4676 non
1596 4627 1820 4696 approbante
1845 4632 1976 4699 populo
2002 4629 2154 4682 Romano
2180 4627 2321 4698 egerim,
2347 4640 2381 4685 ut

1505 4711 1638 4764 semper
1655 4699 1686 4750 in
1707 4699 1836 4751 rostris
1855 4701 1999 4760 curiam,
2025 4697 2055 4749 ln
2074 4703 2197 4750 senatu
2216 4701 2380 4766 populum

1505 4765 1741 4832 defenderim,
1769 4777 1804 4820 ut
1830 4765 2087 4822 multitudinem
2112 4781 2184 4820 cum
2211 4767 2381 4840 principi-

1506 4836 1582 4894 bus.
1609 4845 1808 4904 equestrem
1827 4837 1980 4890 ordinem
2001 4851 2070 4888 cum
2089 4846 2213 4891 senatu
2233 4840 2379 4897 contran-

1505 4905 1623 4957 nerim.
1660 4905 1769 4972 Parta
1789 4909 1813 4968 7,
1836 4905 1875 4958 to.
1914 4907 2044 4957 dectrsa
2063 4915 2233 4974 scrutatu,
2252 4923 2381 4960 arettas

1505 4983 1705 5042 equestrem
1725 4973 1901 5036 ordinem,
1928 4973 1979 5096 qul
1999 4983 2066 5028 tum
2086 4991 2155 5030 curu
2174 4984 2299 5030 senata
2325 4993 2379 5030 co·

1504 5043 1648 5113 palatus
1672 5043 1749 5096 luit.
1794 5040 1829 5095 ad
1852 5043 1907 5095 Att.
1956 5082 1964 5109 ‚
1990 5046 2039 5110 lt,
2062 5049 2087 5100 d.
2132 5043 2267 5100 Etenim
2293 5043 2381 5099 lroea
