5254 6186
2079 555 2119 640 9
2206 591 2209 602 .

226 811 355 864 omnes
380 811 457 863 non
484 785 760 885 antiquissimos
788 785 926 876 fontes,
954 779 1240 874 commentarios
1263 803 1398 880 ¹regum
1423 779 1650 881 inspexisse,
1676 781 1744 857 sed
1770 809 1853 860 eam
1878 811 2013 864 census
2039 790 2118 866 for-

224 930 323 980 mam
349 902 610 1002 descripsisse,
637 928 746 1001 quam
771 901 1192 1003 posterioretempore
1208 897 1249 971 in
1273 921 1345 1004 usu
1372 897 1491 972 fuisse
1517 898 1713 974 vidissent.
1767 898 1884 1000 Cujus
1911 906 2118 981 sententiae

226 1045 435 1120 quanquam
473 1022 623 1118 longum
661 1018 721 1094 Est
754 1000 972 1117 argumenta
1006 1015 1130 1090 omnia
1163 1023 1360 1114 repetere,
1398 1022 1523 1089 tamen
1557 1015 1738 1113 quaedam
1770 1018 1870 1092 inira
1903 1020 2119 1116 afferentur,

225 1138 288 1214 hic
312 1138 407 1212 illud
433 1159 743 1211 commemorasse
771 1134 956 1225 sufficiet,
994 1157 1044 1209 ex
1070 1130 1230 1207 Bbclrhii
1256 1130 1401 1205 ratione
1428 1131 1632 1206 Servianos
1658 1157 1834 1208 numeros
1860 1135 1988 1233 quinta
2013 1143 2120 1238 parte

225 1255 305 1348 his,
340 1255 402 1353 qui
435 1255 563 1328 seculo
591 1251 701 1327 urbis
736 1262 845 1325 sexto
879 1249 1050 1340 fuerunt,
1090 1249 1254 1323 minores
1281 1247 1411 1320 luisse.
1462 1246 1549 1323 Hos
1576 1257 1615 1322 et
1640 1249 1778 1324 assium
1811 1251 1999 1328 libralium
2031 1281 2121 1355 pre-

225 1372 279 1446 tio
303 1371 500 1447 imminuto
526 1379 565 1443 et
591 1362 734 1442 divitiis
760 1366 951 1441 hominum
979 1364 1232 1440 crescentibus
1259 1363 1323 1462 (cl.
1337 1362 1472 1438 Bdclrh
1497 1391 1535 1464 p.
1562 1364 1666 1464 444.)
1692 1370 1821 1465 augeri
1847 1367 2036 1464 debuisse,
2061 1371 2121 1446 111-Ι

225 1511 297 1586 que
325 1511 437 1588 quum
465 1486 616 1586 saepius
643 1486 781 1560 lactum
808 1484 875 1574 sit,
909 1483 996 1558 inde
1023 1481 1204 1580 intelligi,
1240 1485 1306 1555 cur
1331 1480 1379 1556 de
1406 1481 1600 1556 Serviauis
1625 1483 1791 1558 numeris
1815 1484 1915 1560 inter
1941 1509 1982 1560 se
2009 1485 2120 1564 dille·-

223 1615 309 1680 rant
335 1605 560 1704 scriptores3
593 1627 679 1678 nam
714 1624 826 1700 quum
859 1598 996 1674 Livius
1030 1607 1068 1672 et
1093 1596 1321 1694 Dionysius,
1356 1597 1635 1695 antiquissimos
1661 1599 1785 1674 fontes
1812 1601 1949 1694 secuti,
1975 1604 2119 1703 primae

226 1723 337 1798 classi
353 1761 356 1768 ν
370 1746 476 1796 asses
513 1718 676 1812 100000
700 1717 886 1806 tribuant,
912 1714 1077 1789 Plinium
1112 1713 1361 1791 recentiorem
1395 1737 1530 1788 census
1564 1714 1722 1790 formam
1749 1701 1871 1792 animo
1897 1744 2119 1820 repraesen-

203 1850 326 1915 tasse
361 1864 433 1938 qna
462 1839 583 1939 prima
617 1834 750 1911 classis
776 1832 921 1907 assibus
952 1831 1113 1922 110000
1139 1839 1374 1924 censeretur,
1411 1830 1642 1932 eandemque
1667 1833 1716 1908 ad
1742 1831 1925 1910 Serviane
1949 1843 2120 1939 tempora

224 1956 413 2035 retulisse.
465 1953 658 2032 Habuisse
672 1949 800 2049 igitur
827 1946 954 2022 Servii
978 1958 1149 2047 tempore

646 2111 805 2222 primam
864 2107 1035 2191 'classem
1061 2115 1201 2206 20000
1227 2140 1350 2209 asses,
1376 2115 1711 2217 000100100000.

647 2225 848 2339 secundam
874 2235 1032 2328 classem
1061 2231 1198 2322 15000
1224 2258 1347 2325 asscS,
1373 2243 1507 2333 postea
1556 2232 1707 2324 75000.
1799 2283 1805 2324 ,

646 2352 797 2427 tertiam
867 2349 1032 2450 classem
1060 2349 1198 2442 10000
1224 2374 1346 2440 asses,
1373 2359 1508 2450 postea
1557 2347 1708 2440 50000.

646 2479 813 2568 quartam
873 2461 1031 2566 classem
1082 2464 1197 2556 5,000
1224 2491 1348 2558 asses,
1374 2477 1509 2565 postea
1559 2467 1709 2558 25000.

389 2571 398 2586 ”
463 2685 467 2694 1
516 2685 544 2692 ..
646 2584 811 2683 quintam
871 2573 1030 2656 classem
1081 2579 1198 2674 2000
1224 2608 1347 2676 asses,
1374 2592 1509 2683 postea
1562 2582 1710 2692 10000.

314 2803 317 2817 ·
392 2753 506 2855 Quod
539 2752 574 2828 si
591 2749 646 2827 ni
678 2750 825 2828 numeri
858 2750 906 2824 ad
939 2775 985 2824 ea
1012 2747 1202 2824 etiamtum
1227 2737 1399 2850 tempora
1423 2748 1633 2851 pertinent,
1666 2750 1799 2850 quibus
1825 2751 1946 2853 prima
1979 2752 2118 2833 mentio

227 2871 362 2946 causus
397 2870 583 2970 equestris
609 2867 672 2959 fit,
710 2866 743 2941 si
764 2862 843 2966 jam
870 2875 948 2940 tum
974 2874 1107 2964 quarta
1131 2873 1239 2965 parte
1263 2867 1362 2943 hunc
1387 2891 1541 2942 censum
1567 2869 1709 2969 primae
1736 2869 1867 2944 classis
1901 2894 2016 2944 censu
2041 2893 2119 2944 ma-

222 2985 349 3086 jorem
387 2985 506 3062 fuisse
540 2982 735 3086 ponimus,
775 2979 861 3083 ejus
891 2980 1073 3082 temporis
1108 3007 1251 3082 census,
1277 2993 1452 3082 equester
1477 2983 1551 3060 fuit
1574 2984 1715 3078 80000
1741 3009 1865 3080 esses,
1899 2985 2118 3062 Senatorius

228 3127 333 3180 esses
362 3101 535 3196 100000.
555 3100 604 3200 ⁴²)

230 4043 266 4104 ⁴²)
286 4039 402 4093 0000001
434 4046 585 4124 equestrem
615 4039 741 4094 Serviani
775 4040 906 4109 temporis
939 4039 1143 4112 quadringentis
1261 4041 1441 4113 ronis'locum
1460 4039 1618 4111 conjectura
1634 4041 1804 4108 mutavisset,
1828 4041 1856 4096 in
1874 4039 1945 4096 lianc
1962 4041 2123 4096 sententiam

282 4110 412 4162 minorem
432 4107 530 4174 tuisse,
549 4109 630 4161 etiam
648 4107 803 4164 lluscblrius
821 4128 848 4181 p.
868 4112 927 4166 051.
947 4109 1023 4164 vidit
1060 4109 1143 4169 Quod
1262 4127 1397 4180 nunquam
1424 4110 1571 4166 incidisset.
1619 4109 1692 4165 Nam
1718 4111 1754 4165 de
1780 4111 1931 4166 ferentariis
1956 4129 2041 4180 supra
2068 4111 2122 4162 dic·

282 4186 371 4230 autern
406 4177 452 4231 llic
483 4177 579 4232 eadem
614 4179 734 4242 radone,
772 4195 826 4250 qua
859 4179 960 4233 classes
993 4179 1145 4234 Serviauae
1263 4189 1317 4233 tum
1342 4190 1398 4246 est,
1422 4180 1489 4234 illud
1513 4199 1530 4234 a
1554 4181 1675 4247 nemine,
1700 4181 1773 4250 qnod
1792 4182 1892 4246 sciam,
1915 4180 2045 4244 traditur,
2069 4181 2122 4232 sin·

283 4244 427 4298 distinctae
454 4255 550 4314 eraut,
574 4248 658 4300 stiam
674 4247 791 4318 equitum
809 4248 914 4304 classes
942 4249 1073 4318 quasdam
1105 4247 1144 4302 10-
1263 4249 1339 4332 quius
1371 4251 1505 4304 centurias
1531 4250 1644 4320 singulis
1674 4250 1813 4304 ordinibus
1842 4267 1906 4304 suas
1933 4250 2013 4304 sedes
2040 4248 2123 4302 babu-

281 4316 336 4369 lssc
360 4315 514 4378 contendit,
539 4326 567 4370 ut
592 4319 709 4386 equiturn
734 4319 871 4372 centuriae
896 4335 949 4372 non
972 4321 1026 4372 amit
1051 4335 1145 4370 oannes
1264 4335 1331 4384 rese,
1357 4337 1410 4388 quo
1434 4327 1524 4374 taruco
1548 4320 1640 4390 posito
1666 4335 1720 4373 nou
1743 4318 1858 4372 alienum
1882 4337 1900 4372 a
1917 4335 1983 4372 vero
2002 4326 2057 4383 est,
2082 4334 2124 4370 se·

282 4383 409 4454 suffragia
441 4384 562 4448 tulerint,
596 4387 645 4438 sed
670 4388 750 4441 binae
780 4405 840 4440 curn
868 4387 979 4458 singulis
1006 4387 1146 4452 classibus,
1265 4388 1402 4442 autoribus
1438 4388 1705 4460 magistratibusque,
1738 4390 1783 4457 qui
1816 4389 1933 4457 antiquis
1959 4387 2124 4457 temporibus

283 4453 342 4520 eiras
369 4455 407 4506 rei
433 4469 513 4505 unum
537 4460 640 4506 tantum
667 4464 851 4524 argumentum
876 4456 971 4510 allerre
996 4457 1100 4526 potuit,
1129 4473 1147 4508 a
1266 4459 1392 4512 centuriis
1430 4459 1483 4514 illis
1518 4457 1738 4523 continebuntur,
1774 4460 1880 4527 priores
1907 4457 2016 4512 ordines
2044 4456 2124 4511 datos

270 4521 348 4577 .le
384 4521 523 4575 ordinibus
561 4520 660 4574 tbeatri
689 4526 829 4592 petitum.'
864 4525 966 4594 Legem
993 4528 1064 4580 enlm
1094 4527 1147 4578 Ro·
1266 4527 1357 4580 lusisse.
1399 4527 1559 4592 Postremo,
1593 4527 1729 4596 quomodo
1756 4527 1817 4581 lierl
1847 4529 1948 4598 potuit,
1975 4535 2003 4580 ut
2033 4527 2125 4594 quinta
2155 4553 2158 4558 Α

267 4594 367 4650 sciam
390 4591 459 4645 dicit
486 4609 512 4662 p.
537 4593 597 4646 302.
623 4607 678 4644 nou
702 4608 801 4645 novum
820 4594 951 4662 equitibus
980 4594 1148 4664 privilerium
1267 4597 1313 4650 illu
1342 4596 1438 4650 classis
1463 4599 1579 4665 equitnm
1607 4613 1660 4648 000
1685 4615 1744 4650 curn
1770 4599 1917 4651 centesima
1943 4595 2124 4662 undaseasgc·

285 4661 409 4727 dedisse,
434 4661 484 4715 scd
503 4660 641 4730 antiquum
661 4661 825 4724 restituisse,
845 4677 924 4730 quum
943 4671 1032 4716 autem
1051 4637 1148 4716 Xl'lll.
1268 4667 1336 4718 sima
1358 4667 1479 4719 centuria
1503 4665 1628 4734 suffragia
1651 4665 1749 4732 ferret,
1774 4683 1853 4736 quum
1878 4673 1967 4718 tamen
1990 4665 2070 4716 edam
2087 4661 2125 4714 illi

257 4733 424 4791 'centuriae
442 4729 620 4784 Xthautum
639 4729 748 4786 ordines
768 4729 918 4795 habuerint,
937 4733 1055 4802 intelligi,
1075 4741 1150 4801 qum·
1270 4736 1373 4801 equites
1415 4735 1523 4790 minime
1562 4736 1666 4804 primae
1702 4736 1796 4790 classis
1832 4751 1940 4788 ceasrrm
1976 4730 2125 4786 baberentl

281 4807 346 4852 tator
364 4802 571 4854 centuriasnon
590 4801 693 4869 optimo
708 4799 770 4868 jure
788 4817 852 4854 usas
871 4799 961 4854 iniisse.
995 4802 1053 4854 llas
1072 4803 1152 4872 lgltor
1180 4825 1181 4828 ¹
1270 4803 1325 4857 Sed
1360 4795 1429 4858 llaec
1462 4806 1552 4860 omnis
1583 4823 1600 4858 a
1635 4805 1767 4858 Cicerone
1796 4805 1856 4872 ipso
1883 4801 2053 4865 refelluntur,
2083 4801 2127 4868 aqui

284 4866 369 4921 lusisse
386 4868 447 4922 illos
467 4869 596 4924 Varronis
615 4869 790 4934 ferentarius,
808 4885 925 4938 cosque,
944 4879 972 4923 ut
990 4871 1016 4924 in
1033 4869 1152 4936 tbeatro,
1271 4875 1387 4940 aspaltum
1422 4891 1534 4928 nurnero
1569 4891 1602 4928 ex
1637 4877 1713 4931 ouini
1743 4873 1835 4943 populi
1862 4887 1966 4924 sraruma
1990 4879 2127 4954 separatu,

286 4939 325 4992 sic
354 4953 442 5011 neque
469 4939 496 4990 iu
523 4941 655 5010 cqncionc
684 4939 777 5010 populi
804 4939 875 4993 idem
896 4939 943 5010 jus
970 4949 1051 5024 atque
1075 4939 1153 5005 ulios,
1227 4997 1229 5005 Α
1272 4949 1326 4994 turn
1352 4943 1459 4996 demum
1483 4943 1613 5012 reliquum
1636 4944 1766 5016 populum
1788 4943 1814 4994 iu
1837 4940 1940 4995 classes
1957 4937 2128 4994 distributum

286 5004 389 5077 neque'
410 5005 525 5060 eundem
560 5025 670 5063 censum
700 5007 835 5064 babulsse.
889 5007 962 5077 Sed,
997 5011 1048 5066 ursi
1078 5010 1153 5065 Cice·
1272 5027 1333 5066 esse
1351 5011 1440 5066 trudit.

1662 5104 1683 5169 2
