5254 6186
2040 565 2105 652 lt

209 802 284 904 ipsi
310 813 505 880 senatores
531 801 571 877 in
596 798 729 876 XVIII
754 796 935 876 centuriis
962 805 1102 890 essent,
1130 797 1275 897 equites
1301 798 1460 874 llornani
1495 823 1592 896 equo
1624 797 1776 898 publico
1810 824 1832 874 a
1865 825 1998 902 magno
2032 831 2102 882 nu-

208 945 313 996 mero
348 920 514 1018 equitum
548 917 777 1016 reliquorum
812 915 1010 991 differrent
1042 914 1248 992 nobilitatis
1275 925 1315 990 et
1340 916 1465 992 studio
1492 925 1533 990 et
1558 914 1778 1014 insignibus.
1829 917 2042 996 annosus
2069 951 2102 1000 a.

212 1035 302 1112 cnr.
328 1062 379 1129 n.,
409 1061 521 1134 quum
548 1035 590 1108 C.
617 1033 773 1108 Flavius
801 1032 934 1124 scriba,
960 1040 1069 1132 patre
1096 1029 1285 1124 libertino,
1314 1033 1447 1108 aedilis
1474 1032 1614 1108 curulis
1641 1033 1762 1107 lactus
1789 1047 1901 1128 esset,
1929 1039 2104 1116 traditum

209 1163 269 1228 eat
302 1151 583 1242 in'unnalibus,
617 1147 793 1242 „tantum
819 1151 913 1224 baec
947 1149 1098 1224 comitia
1131 1148 1400 1248 indignationis
1426 1149 1623 1242 habuisse,
1659 1159 1702 1224 ut
1726 1149 1897 1250 plerique
1924 1155 2104 1234 nobilium

208 1271 341 1346 anulos
373 1293 509 1344 aureos
543 1279 584 1343 et
615 1268 791 1368 phaleras
827 1268 1063 1366 deponerent
1071 1271 1106 1339 “.
1166 1261 1277 1340 Haeo
1309 1267 1395 1367 ipsa
1421 1263 1608 1341 annalium
1641 1265 1780 1360 'verba,
1815 1289 1909 1366 quae
1936 1275 2105 1350 servavit

207 1387 343 1462 Liuius
369 1386 414 1479 u,
440 1385 512 1479 ub,
542 1385 601 1461 lu
627 1382 782 1484 egregie
809 1393 848 1459 et
874 1385 1070 1459 confirmat
1095 1393 1135 1458 et
1159 1383 1431 1484 interpretatur
1456 1382 1605 1457 Plinius
1616 1381 1684 1458 Ἠ.
1711 1383 1758 1458 Ν.
1785 1383 1853 1476 33,
1881 1386 1917 1461 6.
1970 1392 2103 1492 „Quo

208 1505 338 1578 iacto
381 1512 515 1578 tanta
555 1513 754 1596 senatus
795 1500 1135 1599 indignatione
1170 1501 1375 1591 exarsit,
1417 1511 1467 1576 ut
1501 1501 1670 1574 anulos
1705 1502 1758 1575 ab
1792 1527 1846 1576 eo
1887 1505 2103 1583 abiectos

209 1619 369 1694 luisse
394 1620 442 1695 in
468 1618 831 1718 antiquissimis
856 1616 1137 1716 reperiatur
1162 1618 1430 1693 annalibus.
1484 1617 1637 1692 Fallit
1662 1619 1941 1718 plerosque,
1982 1627 2104 1722 quod

209 1747 304 1812 tum
342 1746 390 1810 et
424 1749 697 1836 equestrem
737 1735 950 1812 ordinem
984 1734 1031 1809 id
1056 1733 1240 1810 iecisse
1274 1731 1589 1810 arbitrantur.
1641 1733 1830 1811 Etenim
1865 1739 2103 1836 adiectum

201 1852 298 1947 ¹boo
324 1879 526 1952 quoque,
561 1855 645 1929 sed
670 1865 717 1926 et
742 1853 944 1953 phalera
968 1849 1149 1950 posita,
1181 1863 1543 1952 proptereaque
1576 1876 1743 1927 nomen
1778 1856 1988 1952 equitum
2022 1863 2103 1936 ad·

209 1969 384 2048 iactum
419 1981 504 2046 est.
558 1969 740 2044 Anulos
769 1971 954 2067 quoqne
982 1967 1240 2069 depositos
1267 1997 1288 2044 a
1314 1961 1579 2044 nobilitate
1605 1969 1651 2044 in
1678 1973 1875 2046 annales
1900 1979 2102 2054 relatum
2185 2047 2194 2066 ,

210 2098 304 2180 ιιι,
346 2111 437 2163 non
470 2114 494 2162 a
526 2097 699 2161 senatu
731 2085 1008 2160 universo“.
1034 2105 1039 2112 ·
1067 2087 1198 2185 ltaque
1234 2089 1387 2179 amrlus,
1427 2095 1470 2160 ut
1504 2096 1613 2162 antea
1644 2087 1906 2186 patriciorum,
1945 2093 2000 2168 sio
2032 2097 2105 2172 hoc

211 2229 306 2282 aevo
332 2205 406 2280 fuit
431 2204 624 2295 nobilium,
650 2226 726 2278 non
752 2203 917 2280 omnium
943 2215 1170 2280 senatorum.
1223 2203 1357 2305 Pergit
1382 2201 1482 2278 enim
1509 2193 1678 2278 Pliniusr
1711 2203 1770 2278 Et
1795 2207 1882 2281 boo
1907 2209 2103 2309 primum

131 2365 134 2372 =
211 2321 459 2398 anulorum
493 2319 755 2420 uestigium
789 2331 971 2396 exstat:
1011 2320 1276 2420 promiscui
1316 2331 1470 2395 autem
1510 2343 1622 2394 usus
1656 2321 1859 2396 alterum
1893 2328 2103 2404 seeundo

148 2525 150 2533 Ι
211 2437 394 2514 Punico
428 2439 580 2514 bellor
620 2462 773 2536 neque
807 2438 930 2512 enim
964 2439 1114 2513 aliter
1146 2439 1428 2539 potuissent
1460 2436 1689 2512 trimodia
1727 2437 1816 2512 illa
1855 2445 2104 2522 anulorum

212 2555 549 2654 Carthaginem
582 2557 636 2628 ab
668 2553 946 2629 Hannibale
976 2553 1120 2628 mitti.
1172 2556 1233 2629 Ad
1260 2579 1352 2652 quos
1378 2553 1607 2654 pertinuerit
1639 2577 1731 2628 usus
1765 2555 1830 2630 ille
1856 2560 2104 2657 promiscuus,

129 2681 133 2687 ’
212 2672 386 2748 ιΡΙίιιίο
419 2696 496 2748 non
530 2679 698 2771 apparet.
750 2671 807 2744 Ao
831 2668 968 2744 Livius
1002 2671 1154 2768 quidem
1180 2672 1249 2762 93,
1292 2671 1369 2765 lu,
1409 2681 1608 2770 postquam
1641 2669 1808 2745 namarit
1832 2673 2031 2774 Magonem
2063 2681 2104 2757 in

136 2827 138 2832 ·
213 2789 399 2866 uestibulo
433 2789 558 2864 curiae
586 2786 908 2888 Carthaginiensis
943 2786 1124 2862 effudisse
1159 2809 1294 2862 aureos
1330 2787 1418 2862 illos
1452 2788 1584 2862 anulos
1624 2787 1851 2878 „Adiecit
1884 2791 2103 2890 deinde“‚

211 2907 342 3005 inquit,
369 2905 586 2998 „varbis,
611 2928 702 3002 quo
729 2902 930 3002 maioris¹
955 2904 1111 2979 cladis
1138 2903 1369 2980 indicium
1396 2915 1549 2993 esset,
1584 2903 1817 2979 neminem
1842 2906 1940 2982 nisi
1966 2915 2104 3010 equi-

212 3031 470 3119 temetque
498 3046 659 3096 eorum
685 3020 899 3119 ipsorum
924 3020 1165 3120 primores
1190 3021 1239 3096 id
1264 3045 1436 3120 gerere
1468 3019 1707 3120 insigne.“
1759 3019 1952 3100 Primores
1980 3039 2105 3107 autem

212 3141 298 3216 illos
333 3139 414 3214 sine
447 3137 562 3214 dubio
594 3136 774 3236 intelligit
809 3136 956 3235 equites
990 3164 1086 3237 equo
1120 3137 1290 3239 publico,
1325 3150 1407 3228 aut,
1447 3139 1546 3235 quod
1581 3139 1680 3212 idem
1715 3138 1797 3212 fere
1833 3151 1911 3232 ιιι,
1945 3147 2103 3222 nobiles.

211 3257 326 3348 Nam,
365 3280 572 3354 quanquam
607 3253 693 3330 fieri
727 3253 869 3352 potuit,
906 3261 966 3346 ut,
1006 3257 1106 3353 quod
1138 3263 1272 3354 postea
1304 3255 1444 3329 laetum
1480 3265 1556 3344 est,
1597 3252 1710 3328 etiam
1744 3278 1893 3348 eorum,
1933 3260 1997 3357 qui
2029 3287 2105 3340 non
2142 3247 2147 3258 ’

213 3384 323 3450 arant
351 3373 391 3450 iu
423 3370 604 3448 centuriis
637 3363 901 3471 publicumque
936 3396 1073 3468 equum
1105 3371 1310 3462 habebant,
1347 3370 1497 3468 quidam
1530 3369 1631 3444 anuli
1665 3370 1723 3444 ius
1758 3370 1830 3445 sibi
1864 3379 2104 3474 sumpserint,

213 3501 337 3566 tanam
363 3515 430 3566 eos
456 3499 537 3564 turn
562 3487 713 3586 quidem
738 3485 877 3586 ιιιιιιιίιΙ
898 3488 1148 3586 paucissimos
1173 3485 1293 3562 fuisse
1319 3511 1476 3562 neeesse
1504 3497 1580 3576 est,
1616 3511 1729 3584 quum
1763 3511 1812 3562 ne
1845 3491 1996 3566 socialis
2022 3495 2106 3592 qni-
2149 3553 2152 3560 ,

213 3607 298 3685 dem
325 3605 422 3686 belli·
441 3613 623 3703 temp'oro
646 3603 706 3680 ius
740 3603 835 3678 illud
870 3628 1001 3680 omnes
1034 3606 1181 3705 equites
1207 3613 1335 3678 essent
1361 3603 1535 3678 assecuti.
1554 3601 1603 3702 ⁸⁶)
1654 3604 1786 3700 Neque
1813 3627 1864 3679 ex
1889 3606 2031 3682 incerta
2057 3611 2105 3685 de

213 3723 332 3800 tribus
367 3720 502 3798 modiis
529 3721 725 3798 annorum
750 3719 964 3798 narratione
990 3723 1039 3802 de
1062 3745 1220 3801 ‘numero
1251 3720 1418 3823 equitum
1444 3720 1643 3819 quidquam
1670 3718 1941 3797 oooiioiendum
1968 3737 2036 3800 ιιι
2055 3727 2104 3829 ⁸⁶)

947 4039 1365 4056 ..ξ-ῆι*-

214 4233 632 4252 Μαι-ιιι·

216 4335 257 4404 ⁰⁵)
275 4331 356 4387 Plinii
380 4332 413 4387 ll.
439 4331 475 4387 N.
499 4337 548 4400 ³³,
573 4340 597 4392 o.
634 4335 679 4391 Ne
701 4343 756 4391 tom
781 4336 889 4408 quidem
914 4337 996 4408 (belli
1020 4337 1130 4394 socialis
1197 4342 1233 4406 οθ)
1252 4319 1375 4396 Μοιίοι
1389 4346 1444 4394 tres
1467 4335 1568 4394 babent
1585 4335 1646 4394 le.
1664 4339 1713 4404 93,
1739 4341 1784 4405 19,
1811 4341 1833 4396 1.
1851 4337 1912 4394 Vol.
1931 4338 2009 4396 Mar.
2028 4341 2060 4408 7,
2078 4345 2105 4410 9,

254 4407 396 4472 tempore)
421 4419 515 4456 omnes
533 4414 674 4458 senatores
691 4405 857 4461 babuerunt:
885 4417 978 4480 utpote
997 4427 1056 4465 oram
1076 4427 1129 4464 me·
1232 4413 1272 4468 13.
1291 4411 1429 4481 augustin.
1449 4408 1573 4463 derisit
1593 4409 1679 4474 ueta,
1700 4411 1740 4466 19.
1759 4409 2043 4478 arrmulorosuo,
2064 4415 2104 4468 iil.

253 4471 340 4526 moria
366 4489 479 4526 avomm
506 4473 580 4542 multi
606 4483 733 4541 praetura
760 4491 813 4544 qno
832 4493 869 4536 ,ua
893 4477 979 4535 bonati
1005 4481 1031 4534 ln
1056 4479 1130 4534 ierro
1231 4497 1310 4602 qqqqrp
1332 4479 1477 4602 gqslcrgqslt
1500 4478 1659 4533 Joruandes
1682 4478 1719 4532 de
1736 4493 1810 4546 regu.
1827 4495 1900 4532 enea.
1918 4481 1967 4545 39,
1991 4499 2017 4550 p.
2039 4483 2107 4536 1067

254 4544 457 4612 oomanuerlnt,
483 4542 554 4596 slent
578 4541 749 4610 Calpuruluru
767 4554 795 4597 et
846 4546 970 4612 anlllnm,
995 4549 1067 4616 quil
1102 4565 1130 4601 a·
1444 4565 1487 4602 ax.
1514 4557 1541 4602 et
1565 4547 1703 4602 Lucienus
1727 4547 1799 4602 rliall.
1826 4560 1905 4602 mort,
1931 4551 1978 4614 19,
2001 4551 2026 4604 9.
2050 4567 2105 4604 non

253 4622 296 4665 tus
315 4611 345 4666 (l.
364 4611 448 4666 Marii
467 4610 554 4666 luerat
569 4609 606 4665 Ju
626 4609 734 4666 urlbiuo
751 4611 837 4677 bello,
864 4613 1015 4672 Fenestella
1095 4619 1129 4670 itr
1232 4618 1377 4688 sqrrltlbas,
1402 4617 1454 4672 ssd
1479 4618 1584 4672 civibus
1609 4617 1741 4671 Romanis
1762 4617 1857 4670 anulos
1883 4617 2023 4671 detractos
2044 4635 2106 4672 uer·

255 4690 282 4732 er
306 4681 380 4768 multi
398 4683 430 4738 b.
449 4679 585 4736 Frrlldirun
607 4629 701 4766 diurn,
722 4680 759 4734 erl
785 4697 864 4750 qrrem
883 4685 1003 4740 Soaurm
1018 4686 1057 4770 ds
1073 4688 1131 4740 vita
1230 4697 1300 4772 rant.
1333 4687 1560 4786 „l'sqoa‘tenniu
1579 4703 1649 4756 quae
1666 4702 1718 4770 pro
1736 4687 1778 4740 lor
1796 4701 1864 4739 vero
1881 4695 1936 4750 est,
1954 4686 2027 4739 baad
2044 4687 2106 4756 plus

222 4748 1131 4896 ·imitabilium,'tituililtuit-'imai
1233 4757 1321 4896 litt
1335 4755 1847 4894 'tdtrrriulrlti‘nti'llt
1864 4756 2108 4896 tantilli
2159 4779 2166 4790 '

255 4886 360 4958 pridem
384 4887 411 4939 id
436 4887 551 4942 lacrumo
579 4888 662 4946 uno
681 4890 803 4960 amoto
828 4889 953 4949 decorus
977 4893 1131 4958 ordinante,
1203 4926 1206 4944 .
1234 4913 1267 4947 ex
1291 4895 1386 4963 qulbru
1405 4895 1428 4950 sl
1453 4896 1533 4950 tertia
1556 4903 1660 4948 ιιιιιιιιι
1682 4911 1747 4964 pars
1769 4892 1877 4954 anulum
1895 4891 2029 4961 babebat,
2051 4895 2107 4950 iarn

255 4958 342 5012 maior
368 4973 434 5027 pars
463 4957 578 5013 rumam
605 4959 633 5015 iu
660 4957 749 5015 lurae
766 4959 858 5018 nardo
882 4959 948 5027 tuit,
979 4962 1052 5034 iique
1078 4979 1132 5018 non
1217 4980 1346 5034 magnas
1363 4965 1386 5019 ἱι
1404 4976 1529 5020 nummus
1546 4963 1622 5020 aredi
1639 4963 1733 5032 pouit

257 5027 375 5105 erqrritas,
392 5023 443 5080 aad
461 5025 563 5082 iurllces
582 5025 795 5098 appellabantur.
935 5061 948 5072 ι·
1081 5069 1084 5078 .
