5254 6186
201 807 331 884 iuvare
365 829 431 884 eos
465 807 504 882 in
538 804 709 908 pecuniis
742 793 959 905 exigendis,
981 801 1047 904 Ν4)
1082 801 1150 878 sed
1175 801 1235 878 ius
1270 801 1326 878 eis
1359 827 1435 878 non
1461 801 1608 895 dicere,
1642 801 1836 903 pactiones
1863 801 2092 896 rescindere,

200 926 404 1025 vectigales
439 934 478 998 et
510 922 775 1023 stipendiarios
809 921 990 1012 liberare,
1030 920 1192 1019 denique
1228 945 1357 996 servos
1390 921 1673 1022 publicanorum
1697 920 1759 1020 ¹⁰⁵)
1800 945 1946 1019 quoque
1980 920 2092 996 modo

199 1041 383 1145 impedire
409 1041 541 1142 potuit.
594 1041 702 1139 Quae
729 1039 851 1114 omnia
878 1063 899 1112 a
925 1037 1089 1114 Gabinio
1116 1035 1215 1112 facta
1241 1063 1263 1112 a
1289 1038 1471 1114 Cicerone
1498 1049 1706 1113 narrantur.
1730 1035 1793 1136 ¹⁰⁶)

365 1160 401 1233 3.
428 1158 471 1232 Io
498 1158 569 1232 boc
596 1167 719 1230 autem
747 1155 926 1230 nobilium
952 1151 1318 1257 publicanorumque‘
1336 1155 1506 1247 dissidio,
1534 1166 1617 1230 orto
1643 1154 1709 1230 illo
1736 1155 1775 1230 in
1801 1153 2027 1256 provinciis,
2054 1153 2094 1230 in

199 1275 284 1375 ipsa
310 1277 401 1350 urbe
428 1277 643 1352 continuato
671 1283 781 1371 atque
809 1283 937 1364 aucto,
973 1275 1171 1348 obscurum
1199 1282 1276 1364 est,
1315 1274 1360 1346 ab
1387 1283 1471 1347 utra
1497 1285 1604 1373 parte
1631 1273 1806 1348 steterint
1839 1271 1986 1370 equites
2012 1269 2092 1346 Ro·

198 1393 308 1484 mani,
335 1391 399 1490 qui
425 1403 464 1466 et
490 1393 676 1466 habebant
702 1415 838 1489 equum
863 1389 1066 1492 publicum,
1095 1402 1133 1465 et
1158 1389 1198 1465 in
1224 1389 1401 1467 centuriis
1422 1390 1588 1488 equitum
1609 1399 1726 1464 erant
1766 1392 1872 1490 Quos
1894 1389 2091 1468 maximam

198 1521 342 1611 partem
368 1509 573 1584 nobilitatis
600 1518 814 1600 senatores,
850 1531 1053 1606 eorumque
1079 1506 1220 1582 liberos
1247 1507 1497 1598 continuisse,
1525 1531 1639 1606 supra
1665 1506 1939 1598 demonstravi,
1965 1529 2089 1602 neque

197 1637 322 1702 tamen
349 1628 502 1704 eosdem
529 1625 714 1702 eiusmodi
741 1625 923 1725 negotiis,
952 1649 973 1699 a
999 1625 1132 1722 quibus
1158 1648 1235 1699 non
1261 1649 1391 1701 omnes
1417 1623 1565 1723 legibus
1592 1627 1834 1716 arcebantur,
1863 1621 2090 1699 abstinuisse

197 1757 257 1819 est
281 1743 499 1826 verisimile.
551 1744 612 1818 Ad
638 1769 748 1843 quam
774 1741 1030 1841 quaestionem
1065 1744 1285 1820 solvendam
1313 1745 1476 1818 fortasse
1511 1743 1651 1842 aliquid
1686 1741 1817 1818 auxilii
1850 1739 1929 1842 peti
1963 1749 2112 1842 potest·

196 1885 246 1936 ex
273 1883 319 1934 ea
343 1863 576 1951 narratione,
611 1860 795 1959 quamde
824 1861 865 1933 G.
893 1859 1069 1951 Claudio,
1104 1859 1151 1934 Τ.
1179 1859 1405 1962 Sempronio
1432 1861 1651 1935 censoribus
1681 1860 1767 1935 anni
1798 1857 1870 1933 169
1896 1885 1928 1934 a.
1956 1859 2024 1934 Cb.
2051 1881 2088 1934 n·

118 1995 127 2014 ’
195 1979 309 2054 babet
333 1978 468 2054 Livius
494 1978 556 2067 43,
587 1975 645 2050 16.
699 1975 767 2068 „ln
793 1977 980 2075 equitibus
1007 1978 1261 2069 recensendis,
1293 1977 1425 2078 inquit,
1450 1977 1570 2052 tristis
1597 1979 1794 2054 admodum
1822 2000 1951 2051 eorum
1979 1985 2090 2071 atque

196 2121 331 2196 aspera
357 2117 516 2170 censura
541 2092 633 2167 fuit:
668 2093 793 2168 multis
820 2117 936 2192 equos
963 2095 1194 2170 ademerunt.
1247 2096 1292 2170 ln
1319 2121 1364 2170 ea
1390 2120 1431 2170 re
1459 2119 1570 2193 quum
1598 2105 1810 2194 equestrem
1838 2095 2007 2170 ordinem
2033 2091 2089 2190 (id

196 2223 255 2287 est
293 2211 439 2312 equites
474 2235 571 2309 equo
604 2208 778 2309 publico)
802 2211 865 2310 ¹⁰²)
900 2209 1168 2317 offendissent,
1207 2214 1392 2290 flammam
1426 2211 1591 2287 invidiae
1627 2211 1797 2286 adiecere
1834 2212 1976 2302 edicto,
2016 2234 2089 2308 quo

196 2329 415 2422 edixerunt,
455 2355 503 2404 ne
530 2326 611 2426 quis
639 2351 789 2419 eorum,
823 2329 887 2426 qui
913 2329 962 2427 Q.
988 2330 1127 2404 Fulvio
1154 2331 1199 2406 A.
1228 2329 1426 2406 Postumio
1443 2319 1677 2404 'censoribus
1711 2327 1775 2426 (bi
1801 2328 1964 2430 proximi
1999 2349 2088 2400 cen-

195 2471 302 2521 sores
335 2446 487 2522 suerant
519 2468 550 2517 a.
580 2439 675 2544 174)
716 2444 865 2544 publica
898 2443 1098 2542 vectigalia
1131 2457 1194 2521 aut
1227 2448 1326 2522 ultro
1360 2445 1499 2521 tributa
1532 2445 1821 2536 conduxissent,
1861 2445 1908 2518 ad
1942 2445 2086 2518 hastam

196 2588 300 2638 suam
336 2564 531 2638 accederet
565 2559 738 2636 sociusve
774 2569 837 2634 aut
863 2559 997 2634 adfinis
1011 2560 1108 2647 ¹eius
1138 2563 1394 2639 conductionis
1422 2573 1535 2639 esset.
1587 2563 1711 2663 Saepe
1739 2563 1777 2636 id
1802 2562 1993 2660 querendo
2020 2545 2089 2634 ve-

194 2691 296 2756 teres
328 2677 516 2780 publicani
550 2700 663 2774 quum
698 2675 901 2777 impetrare
935 2677 1153 2777 nequissent
1179 2683 1225 2754 ab
1253 2693 1404 2774 senatu,
1443 2691 1485 2756 ut
1510 2683 1660 2756 modum
1687 2679 1865 2780 potestati
1893 2674 2086 2754 censoriae

192 2796 449 2897 imponerent,
475 2795 626 2868 tandem
652 2792 840 2868 tribunum
867 2795 1002 2894 plebis,
1030 2795 1075 2868 Ρ.
1101 2795 1304 2890 Rutilium,
1331 2823 1380 2873 ex
1406 2798 1463 2872 rei
1488 2797 1658 2900 privatae
1686 2795 1924 2873 contentione
1950 2794 2086 2870 iratum

193 2912 412 2990 censoribus
438 2921 637 3012 patronum
664 2933 817 2987 caussae
843 2913 943 2988 nacti
969 2923 1067 2987 sunt
1095 2955 1142 2968 -·-
1171 2955 1220 2970 -
1247 2955 1294 2970 -
1346 2915 1450 2990 Hinc
1476 2915 1714 2993 contentione
1742 2925 1842 3004 orta,
1877 2937 1988 3013 quum
2016 2937 2086 2986 ve·
2224 3009 2231 3014 .

191 3043 294 3105 teres
320 3029 509 3130 publicani
536 3053 577 3102 se
604 3028 651 3102 ad
678 3027 866 3104 tribunum
893 3028 1156 3121 contulissent,
1182 3031 1327 3130 rogatio
1353 3043 1516 3133 repente·
1539 3035 1607 3107 sub
1635 3031 1744 3107 unius
1770 3030 1909 3106 tribuni
1936 3029 2086 3106 nomine

194 3148 472 3250 promulgatore
515 3170 609 3244 quae
647 3145 796 3246 publica
829 3146 1046 3248 vectigalia,
1087 3148 1186 3221 ultro
1219 3145 1363 3223 tributa·
1391 3152 1433 3224 G.
1470 3148 1647 3224 Claudius
1688 3160 1727 3223 et
1759 3149 1805 3223 Τ.
1840 3144 2086 3248 Sempronius
2147 3164 2167 3190 r

191 3265 391 3356 locassent,
418 3275 463 3338 ea
489 3277 570 3337 rata
596 3262 733 3338 locatio
760 3289 807 3338 ne
835 3273 957 3358 esset3
984 3265 1031 3339 de
1059 3263 1207 3366 integro
1233 3265 1456 3356 locarentur,
1484 3276 1522 3340 et
1548 3275 1589 3340 ut
1616 3264 1785 3339 omnibus
1812 3259 2020 3337 redimendi
2048 3269 2087 3333 et

192 3381 422 3456 conducendi
448 3379 661 3482 promiscue
689 3378 748 3452 ius
779 3391 892 3455 esset.
903 3388 925 3423 “
962 3423 1009 3435 -
1061 3381 1375 3456 Dissuadentibus
1408 3381 1447 3455 in
1482 3381 1660 3455 concione
1694 3380 1925 3481 rogationem
1952 3402 2086 3453 censo·

163 3497 294 3600 ‚ribus
320 3497 491 3572 tribunus
526 3492 625 3569 diem
659 3490 756 3569 dixit
789 3507 827 3571 et
862 3499 1010 3598 utrique
1037 3499 1185 3574 censori
1218 3497 1517 3600 perduellionem
1552 3526 1594 3573 se
1625 3497 1790 3574 iudicare
1817 3493 2084 3598 pronuntiavit.

190 3618 378 3692 Censores
412 3637 487 3688 non
521 3624 793 3688 recusaverunt
820 3612 999 3692 iudicium
1025 3616 1169 3719 populi.
1205 3657 1252 3670 -
1306 3607 1450 3709 „Prior
1476 3615 1654 3689 Claudius
1681 3640 1849 3689 caussam
1876 3611 1991 3689 dixin
2032 3619 2081 3702 et,

189 3758 301 3832 quum
336 3756 393 3807 ex
428 3727 679 3805 duodecim
714 3731 954 3806 centuriis
989 3717 1201 3833 equitum
1238 3743 1344 3807 octo
1378 3757 1572 3808 censorem
1599 3733 1928 3822 condemnassent,
1964 3729 2082 3804 mul-

187 3862 358 3944 taeque
386 3847 511 3924 aliae
537 3843 717 3944 primae
738 3847 942 3940 classis,
970 3854 1163 3951 extemplo
1189 3849 1441 3951 principes
1468 3848 1691 3924 civitatis
1718 3847 1756 3923 in
1783 3857 1987 3948 conspectu
2013 3867 2083 3944 po-

189 3962 288 4066 puli,
321 3963 479 4037 anulis
515 3960 676 4036 aureis
710 3963 909 4061 positis,
945 3979 1128 4044 vestem
1164 3977 1418 4058 mutarunt,
1453 3979 1494 4041 ut
1520 3965 1710 4067 supplices
1737 3968 1887 4066 plebem
1925 3964 2082 4039 circum-

154 4069 336 4154 ·irent.“¹
380 4078 496 4154 Hunc
522 4081 645 4154 locum
677 4078 905 4180 interpretes
933 4094 1150 4185 corruptum
1177 4109 1261 4158 esse
1288 4094 1442 4184 putant,
1480 4109 1623 4185 proque
1650 4081 1726 4158 XII
1752 4081 1950 4174 centuriis,
1989 4103 2081 4176 quas

187 4221 317 4272 omnes
352 4196 438 4269 lib'ri
464 4197 616 4290 habent,
644 4198 719 4296 legi
746 4198 879 4273 volunt
905 4195 1048 4276 XVIII.
1101 4200 1180 4278 Sed
1206 4226 1282 4276 non
1308 4201 1484 4276 viderunt
1516 4199 1589 4275 tria
1624 4200 1686 4275 hic
1718 4226 1857 4300 genera
1890 4199 2080 4274 bominum

186 4307 384 4412 distingui,
423 4311 583 4411 primum
618 4314 902 4415 publicanorum
937 4317 1124 4419 ipsorum,
1164 4317 1228 4414 qui
1253 4343 1390 4392 secum
1425 4319 1614 4394 duxerunt
1650 4317 1785 4392 multas
1818 4316 1902 4391 illas
1929 4316 2079 4418 primae

187 4427 316 4503 classis
338 4424 538 4516 centurias,
565 4452 657 4523 quas
671 4430 807 4505 Livius
829 4433 930 4526 dicit,
958 4447 1065 4512 erant
1086 4435 1185 4511 enirn
1211 4433 1250 4510 in
1277 4435 1335 4510 bis
1363 4433 1553 4526 centuriis,
1581 4434 1668 4530 quoia
1689 4461 1841 4510 censum
1868 4440 2081 4530 equestrem

185 4549 391 4622 babebauts
431 4545 635 4622 secundum
662 4540 830 4642 equitum
858 4572 955 4648 aquo
981 4554 1153 4653 publico,
1187 4550 1251 4650 qui
1277 4551 1317 4629 in
1343 4553 1418 4627 ΧΠ
1444 4551 1621 4628 centuriis
1648 4562 1773 4646 erant,
1811 4553 2080 4644 stabantquea
2195 4592 2199 4602 ι

187 4837 236 4906 ¹⁰³)
254 4835 298 4888 lla
316 4837 446 4890 custodiis
464 4808 676 4907 publicanorum,
696 4841 713 4896 l.
731 4857 755 4894 a.
775 4803 873 4908 serris,
892 4843 936 4914 qul
951 4861 1042 4900 curam
1056 4846 1101 4901 bs·
1165 4847 1214 4917 ¹⁰¹)
1233 4845 1331 4918 Neque
1349 4850 1418 4904 enlm
1446 4848 1519 4904 aliud
1546 4849 1657 4903 iutellivl
1676 4858 1766 4920 potest
1791 4849 1843 4902 bac
1866 4852 1972 4906 aetate,
1999 4842 2076 4912 isque

218 4905 318 4960 bcbant
336 4907 519 4974 portorlorom
535 4909 729 4968 maritimorum
743 4921 770 4967 ct
785 4915 952 4970 terrestrium
966 4933 992 4970 v.
1007 4917 1099 4974 Garat.
1197 4925 1325 4974 constans
1350 4920 1421 4974 Livii
1445 4937 1508 4974 usus
1534 4928 1582 4974 est.
1610 4893 1648 4974 ol?
1662 4921 1722 4974 le.
1740 4921 1773 4983 9,
1796 4921 1838 4973 38.
1858 4925 1884 4968 et
1902 4913 1971 4967 alios
1988 4911 2074 4976 loco⁸s

217 4974 253 5029 ²¹¹
272 4975 327 5028 (Ἶῦ
347 4973 382 5027 ¹¹⁰
400 4991 440 5044 pr.
460 4991 534 5030 ⁰⁰⁰⁸·
553 4981 578 5032 5·
1196 5005 1265 5058 quos
1283 4989 1392 5044 laudavi
1411 5007 1434 5043 c.
1453 4993 1478 5056 t,
1497 4991 1519 5060 5.
1538 4989 1554 5044 3
1572 4999 1629 5045 not.
1649 4993 1691 5046 st.
1721 4989 1742 5058 §-
1761 4991 1776 5043 4
1795 5002 1821 5040 u.
1839 4985 1882 5042 67.
1902 4984 1943 5039 tt.
1963 4982 2007 5036 lib.
2028 4979 2073 5046 tv,

1194 5075 1217 5110 c.
2015 5099 2025 5116 .

186 5049 233 5113 ¹⁰⁸)
252 5045 348 5100 Cicero
366 5043 401 5098 de
419 5061 497 5116 pror.
515 5062 589 5102 cous.
608 5053 633 5106 5.
1236 5059 1261 5115 ³·
