5254 6186
1312 761 1468 863 cap.
1515 758 1633 844 111.

1069 917 1337 1024 Equites
1396 937 1548 1023 equo
1606 913 1873 1022 publico.

528 1113 561 1186 l.
592 1078 682 1182 Hic
708 1100 780 1179 tuit
805 1101 892 1177 finis
920 1099 1105 1199 equestris
1133 1080 1295 1193 ordinis,
1321 1099 1396 1199 qui,
1421 1109 1527 1176 ortus
1554 1098 1743 1174 consortio
1771 1097 1925 1173 militiae
1943 1095 2159 1196 equestris,
2185 1105 2263 1174 tum
2291 1103 2329 1171 et
2354 1117 2421 1169 ne·

526 1225 712 1326 gotiorum
730 1216 927 1308 societate,
954 1225 1005 1309 et,
1026 1224 1223 1317 postquam
1244 1217 1378 1292 tertius
1400 1216 1501 1292 inter
1521 1216 1752 1292 nobilitatem
1773 1215 1996 1315 plebemque
2019 1213 2176 1305 exstitit,
2201 1211 2423 1288 iudiciorum

527 1335 712 1418 communi
746 1357 900 1408 munere
935 1341 1045 1430 atque
1080 1329 1242 1432 partium
1269 1333 1393 1409 studio
1419 1332 1519 1409 inter
1544 1359 1629 1408 sese
1658 1342 1759 1407 arcte
1773 1331 2024 1422 coniunctus,
2057 1329 2218 1431 primurn
2245 1328 2422 1402 desuetu-

528 1458 615 1533 dine
655 1473 841 1526 armorum
874 1449 977 1522 iners
1012 1448 1154 1537 factus,
1194 1473 1282 1523 mox
1317 1460 1489 1524 exemtus
1523 1449 1726 1524 lactionum
1761 1448 1938 1540 dissidio,
1978 1473 2048 1549 per
2081 1448 2198 1521 breve
2231 1445 2425 1519 etiamtum

527 1585 677 1671 tempus
705 1574 744 1640 et
770 1565 904 1665 opibus
932 1573 972 1638 et
997 1563 1124 1662 specie
1152 1563 1309 1660 quadam
1335 1564 1507 1663 antiquae
1534 1565 1726 1666 dignitatis
1752 1564 1944 1641 llorebatt'
1967 1572 2180 1665 postremo,
2215 1556 2425 1662 privilegiis

529 1701 568 1766 et
593 1682 803 1784 insignibus
831 1679 975 1756 ordinis
1003 1703 1083 1754 curn
1111 1676 1258 1754 civibus
1284 1679 1420 1755 ceteris
1446 1681 1664 1781 libertisque
1692 1681 1990 1772 communicatis,
2016 1680 2090 1755 iam
2117 1689 2203 1755 ante
2227 1673 2427 1763 Hadriani,

529 1817 570 1884 ut
596 1802 759 1889 videtur,
787 1806 967 1888 aetatem,
996 1795 1201 1868 dissolutus
1229 1796 1524 1896 commixtusque
1554 1823 1636 1873 cum
1661 1802 1774 1900 plebe
1801 1797 1978 1874 diffluxit.
2030 1797 2163 1896 Longe
2191 1793 2330 1869 diutius
2358 1791 2427 1865 du-

529 1922 627 1998 ravit
661 1939 798 2014 corpus
828 1903 993 2011 equitum
1020 1936 1116 2010 equo
1143 1911 1311 2010 publico,
1345 1913 1466 2011 quod,
1501 1914 1614 1988 certis
1639 1916 1787 2014 legibus
1814 1911 2152 2013 circumscriptum,
2179 1906 2427 1986 consortionis

531 2038 769 2136 indignorum
796 2027 1021 2129 aliquamdiu
1048 2051 1188 2126 expers
1214 2028 1298 2103 suit.
1350 2030 1447 2104 Nam
1474 2055 1555 2106 cum
1583 2031 1732 2122 ceteris,
1761 2057 1852 2130 quas
1879 2028 2180 2120 commemoravi,
2206 2026 2318 2102 huius
2344 2037 2427 2099 cor-

531 2153 636 2256 poris
664 2145 877 2222 cerimoniis
902 2142 1109 2242 recognitio
1137 2144 1207 2216 sub
1233 2144 1522 2245 imperatoribus
1549 2170 1668 2244 usque
1703 2149 1750 2222 ad
1772 2147 2061 2222 Constantinum
2094 2145 2177 2220 iere
2211 2139 2427 2245 permansit,

533 2291 741 2370 quanquam
769 2263 878 2338 aliter
904 2271 1014 2360 atque
1041 2269 1151 2335 antea
1176 2257 1345 2336 instituta
1372 2272 1442 2336 est.
1453 2263 1478 2362 ¹)
1518 2263 1670 2364 Quippe
1696 2262 1769 2338 iam
1790 2265 1995 2364 Augustus,
2023 2287 2230 2362 quanquam
2251 2260 2302 2352 id,
2329 2257 2427 2357 quod

534 2388 792 2466 Maecenatem
815 2380 1032 2453 suadentem
1058 2375 1252 2468 facitote,
1280 2383 1349 2454 sub
1372 2380 1442 2454 hoc
1469 2379 1645 2455 effectum
1670 2382 1834 2456 nondum
1861 2405 1948 2455 esse
1971 2379 2134 2470 videtur,
2160 2388 2203 2454 ut
2223 2380 2426 2452 subcensor

535 2503 685 2602 quidam
706 2499 751 2571 ab
774 2496 1001 2594 imperatore
1023 2501 1225 2585 crearetur,
1252 2493 1315 2593 qni
1335 2518 1486 2594 genera,
1514 2496 1724 2589 facultates,
1749 2519 1948 2594 moresque
1969 2505 2183 2571 senatorum
2204 2505 2243 2571 et
2264 2494 2429 2593 equitum

536 2617 768 2697 examinaret
795 2623 905 2710 atque
932 2608 1156 2708 inspiceret,
1175 2608 1205 2707 ²)
1238 2618 1364 2686 tamen
1390 2613 1537 2687 sublata
1563 2623 1749 2714 potestate
1777 2610 2245 2689 censoria'triumviratum
2279 2609 2431 2710 legendi

538 2747 702 2821 senatus,
730 2731 961 2824 alterumque
987 2724 1281 2825 recognoscendi
1307 2735 1447 2803 turmas
1475 2729 1639 2827 equitum
1667 2727 2001 2830 excogitaverat‚³)
2029 2738 2068 2803 et
2087 2729 2156 2801 sub
2177 2729 2332 2803 Tiberio
2359 2727 2432 2801 luit

538 2853 584 2927 L.
605 2845 798 2935 Volusius,
825 2843 995 2917 censoria
1021 2853 1207 2940 potestate
1234 2845 1404 2944 legendis
1432 2845 1597 2942 equitum
1623 2846 1785 2922 decuriis
1813 2847 1974 2920 functus.
1989 2843 2018 2944 ⁴)
2069 2843 2121 2920 Et
2146 2843 2256 2919 sicuti
2281 2844 2317 2918 in
2343 2869 2431 2942 pro-

538 2965 681 3042 vincias
708 2959 813 3035 missi
839 2971 926 3034 sunt
952 2960 999 3033 ad
1025 2983 1160 3046 census
1187 2961 1443 3060 accipiendos,
1469 2961 1596 3059 quiin
1622 2961 1927 3062 inscriptionibus
1955 2970 2019 3035 aut
2049 2960 2333 3044 Gensitores
2369 2971 2431 3036 aut

541 3112 563 3160 a
601 3079 838 3158 Censibus
878 3074 1179 3176 accipiendis
1219 3075 1441 3176 audiunt‚³)
1481 3077 1537 3152 sic
1568 3078 1607 3151 in
1645 3079 1889 3181 inscriptione
1922 3076 2103 3169 Antiana,
2142 3076 2175 3149 si
2208 3089 2312 3154 recte
2351 3103 2432 3152 eam

541 3201 613 3276 Ph.
640 3224 661 3273 a
688 3196 812 3270 'l'urre
849 3191 1050 3293 explicuit,
1087 3191 1140 3265 Μ.
1166 3192 1340 3287 Aquilius
1367 3202 1444 3286 est,
1482 3218 1504 3267 a
1538 3194 1774 3268 Censibus
1808 3193 2018 3290 equitum
2051 3193 2431 3295 Romanorum=⁰)

542 3318 611 3392 sub
639 3311 829 3387 Caracalla
863 3310 935 3383 suit
970 3323 1111 3398 Οὕλπιος
1134 3311 1321 3402 Ἰουλλανός,
1348 3322 1369 3392 o‘
1395 3324 1466 3390 crire
1492 3321 1548 3400 ταὶς
1575 3326 1714 3410 τιμήσεις
1741 3326 2025 3412 ἐγκεχειρισμένοςτ
2045 3309 2073 3410 ²)
2109 3314 2177 3386 sub
2203 3312 2431 3412 Hellgobalo

542 3432 696 3506 saltator
730 3425 879 3523 quidam
914 3423 1043 3496 censui
1077 3435 1289 3498 senatorum
1324 3426 1563 3524 equitumque
1590 3427 1841 3527 praepositus.
1860 3427 1890 3526 ⁸)
1942 3427 2136 3504 Interdum
2162 3452 2232 3528 per
2258 3430 2432 3504 consules

541 3541 747 3643 recognitio
775 3541 873 3614 facta
899 3540 1078 3614 traditura
1098 3540 1126 3639 ῃ)
1161 3544 1230 3615 sub
1257 3541 1502 3618 Constantino
1528 3554 1743 3619 senatorum
1769 3568 1904 3622 census
1930 3570 2048 3644 penes
2074 3545 2304 3643 praefectum
2340 3547 2435 3636 urbi,

543 3663 708 3763 equitum
743 3681 862 3757 penes
896 3656 1129 3756 praelectum
1162 3657 1328 3757 Vigilum
1362 3658 1444 3732 suit.
1468 3659 1511 3758 ¹⁰)
1571 3659 1695 3734 Etiam
1729 3659 1768 3733 in
1801 3660 1871 3733 hac
1902 3669 2043 3734 mutata
2076 3681 2256 3732 censurae
2289 3660 2434 3734 ratione

543 3781 666 3878 aliqua
691 3784 793 3850 certe
821 3772 962 3847 veteris
989 3771 1203 3848 severitatis
1230 3773 1377 3874 species
1402 3773 1535 3851 inerat.
1574 3774 1762 3850 Homines
1783 3775 1913 3876 probri
1938 3773 2054 3876 pleni,
2081 3772 2302 3874 corruptelis
2329 3774 2434 3849 adul-

546 3975 966 3996 -.......-—..-

550 4096 571 4162 ¹)
591 4091 767 4146 Coniunctum
793 4087 875 4141 luisse
900 4105 960 4141 curn
989 4087 1190 4141 transvectlone
1213 4085 1255 4142 bis
1283 4087 1457 4158 temporibus,
1527 4091 1549 4160 ²)
1569 4089 1623 4144 Dio
1641 4089 1685 4155 52,
1703 4093 1746 4146 tl.

582 4159 729 4215 observavi
748 4159 826 4227 pot.
847 4175 872 4211 n.
896 4160 934 4213 to.
970 4157 1014 4210 De
1032 4156 1083 4209 hnc
1102 4174 1128 4209 v.
1149 4157 1251 4226 Ulpian
1270 4155 1369 4228 orgo,
1387 4161 1404 4210 d
1423 4158 1458 4212 de
1526 4161 1550 4228 ³)
1569 4160 1645 4212 Suet.
1663 4159 1731 4230 Aug.
1749 4161 1793 4214 37.
1829 4155 1930 4212 Tamen
1950 4160 2029 4213 etiarn
2049 4157 2150 4212 veteris
2169 4151 2301 4210 censurae
2320 4155 2370 4212 sub
2387 4156 2432 4210 im·

581 4231 608 4286 ln
628 4233 668 4284 ius
687 4235 776 4281 vocat.
788 4235 814 4278 et
826 4227 860 4280 tle
870 4227 1047 4280 Constantino
1057 4227 1193 4278 Zosinrunr
1205 4230 1232 4290 2,
1245 4226 1280 4278 29
1299 4228 1457 4296 (ernnusto)
1579 4229 1731 4282 oratoribus
1755 4236 1782 4280 et
1805 4244 1903 4281 nornen
1932 4235 1959 4280 ct
1977 4229 2043 4282 ritus
2061 4227 2203 4296 aliquoties
2221 4227 2365 4280 invenitur.
2401 4225 2433 4278 V.

584 4303 640 4366 Τῆς
665 4299 695 4352 di
714 4300 828 4368 πατρίου
844 4299 1037 4364 καταλαβούσης
1055 4297 1155 4368 ἑορτῆς,
1180 4298 1241 4350 καθ’
1259 4297 1291 4362 ἢν
1308 4300 1409 4368 ἀνάγκη
1431 4296 1459 4350 ni
1560 4247 1612 4350 lh.
1637 4316 1655 4352 a
1679 4298 1764 4351 'lurra
1789 4296 1866 4352 Mon.
1894 4296 1954 4350 l’et.
1978 4300 2047 4351 bnt·
2067 4315 2092 4366 p.
2118 4299 2160 4352 li.
2203 4295 2317 4350 Eckbel.
2343 4295 2376 4348 l).
2399 4293 2434 4349 N.

584 4370 763 4441 στρατόπεδον
780 4365 813 4433 ἧν
830 4371 897 4420 ἰέναι
914 4371 951 4424 εἰς
974 4368 1194 4430 rdKuuerotlror,
1214 4367 1313 4420 duorlar
1325 4368 1460 4430 ὀνειδίζων
1560 4365 1621 4420 l'ol.
1641 4365 1678 4419 Vl
1696 4385 1724 4435 p.
1743 4365 1803 4418 m.
1822 4366 1882 4422 247.
1901 4367 1961 4422 313.
1981 4368 2041 4423 illd.
2061 4367 2121 4423 353.
2141 4365 2200 4422 338.

586 4439 697 4499 ἀναὲόην
720 4437 765 4518 καὶ
789 4437 833 4499 τῆς
851 4437 923 4508 ἱερᾶς
956 4437 1090 4506 ἁγιστείας
1107 4440 1303 4500 καταπατήσας,
1327 4439 1365 4493 εἰς
1381 4440 1460 4506 μῖσος
1527 4437 1550 4505 ⁴)
1569 4435 1632 4490 Tac.
1651 4437 1720 4488 Anu.
1739 4437 1765 4502 3,
1784 4439 1825 4492 30.

585 4515 632 4627 sqq
648 4522 791 4623 yepoqorar
807 4507 853 4600 aad
863 4507 916 4589 ,τόν
934 4507 1020 4576 δῆμον
1030 4507 1180 4626 Ια’νέαῖιηιξτιῗ.
1213 4503 1259 4592 'Ad
1278 4505 1406 4592 candem,
1431 4512 1459 4557 nt
1540 4507 1562 4575 ι)
1575 4503 1963 4592 lleSicillaecensoribusiam
1971 4503 2068 4560 Cicero
2078 4499 2352 4573 loqtritori'err.l‚2‚
2363 4501 2436 4558 abd.

584 4583 712 4711 itit.
732 4582 950 4725 titttttt'ttt'f'
969 4574 1344 4714 titttat'ttltl
1362 4573 1460 4698 liti
1540 4573 2092 4716 diffinit.l¹'}„¹'³¹¹'nlf.f¹'l.‘iliti·
2111 4573 2154 4628 ‘¹⁶‘

586 4713 730 4767 traduntur
749 4710 879 4782 Caligula,
899 4713 987 4780 (Suet.
999 4712 1056 4766 Cal.
1078 4713 1117 4769 lti.
1147 4711 1201 4764 llio
1209 4713 1253 4779 59,
1271 4715 1302 4780 o)
1322 4712 1460 4775 Clastidium,
1542 4734 1564 4800 τ)
1585 4730 1639 4783 030
1658 4733 1701 4795 73,
1719 4731 1746 4784 Α,

587 4787 676 4922 ili·
690 4779 1006 4921 intituli
1018 4781 1461 4919 leibnitianis,
1541 4817 1565 4884 ⁰)
1585 4814 1687 4869 mn.
1707 4819 1733 4882 ⁵,
1752 4815 1777 4868 a.
1814 4815 1848 4869 cs·
1867 4815 1956 4885 suan·
1976 4812 2061 4868 nne
2083 4811 2141 4867 1⁰⁵-

588 4920 746 4986 oasitano,
766 4921 841 4987 (mo
860 4924 908 4987 rs,
926 4922 962 4990 r)
980 4870 1189 4992 perrogarique,
1200 4920 1365 4991 (aaaron
1383 4924 1410 4986 a,
1430 4923 1463 4990 r)
1545 4903 1569 4972 ⁹)
1587 4900 1680 4955 snat
1698 4900 1788 4955 esan
1806 4903 1833 4968 ³,
1851 4903 1876 4957 9·

587 4990 743 5044 Alexander
761 4991 894 5046 Severus.
914 4991 1037 5062 (Lampr.
1055 4991 1098 5045 Al.
1116 4991 1182 5045 Ser.
1202 4991 1255 5062 15).
1536 4988 1570 5057 ¹⁰)
1590 4985 1658 5042 eod.
1675 4985 1780 5042 Theod.
1801 4989 1843 5053 15,
1863 4985 1903 5050 lt,
1921 4987 1947 5041 3.
