5254 6186
2575 266 2582 364 l

2576 375 2583 428 l

528 733 765 840 publicanis,
798 731 847 808 od
872 755 967 828 quos
992 727 1074 806 siue
1109 727 1224 804 dnbio
1259 726 1334 829 ipsi
1366 751 1536 827 maguam
1570 739 1716 829 partem
1742 729 2001 846 pertinebanta
2034 732 2187 810 tertium
2212 743 2429 814 sermtomru

538 852 810 946 nobiliumque,
843 872 938 943 quos
963 846 1155 948 principes
1189 844 1353 921 civitatis
1379 846 1566 945 appellat,
1601 845 1665 942 qui
1690 849 1764 926 soli
1789 847 1864 925 dici
1897 843 2058 950 possunt
2090 861 2237 928 vestem
2271 862 2429 944 mutare,
2572 918 2575 927 .

538 970 798 1065 faciebantque
825 990 908 1042 curn
934 963 1152 1042 censoribus
1179 973 1309 1038 eontra
1333 963 1564 1064 publicanos.
1617 961 1673 1038 Hi
1699 989 1831 1062 quum,
1857 975 1900 1042 ut
1926 991 2041 1102 supra
2066 965 2177 1044 docrri
2199 967 2264 1068 ¹⁰⁸)
2290 979 2330 1044 ot
2246 967 2430 1072 >ipsi

538 1087 579 1164 ia
604 1083 783 1160 centuriis
809 1083 975 1181 equitum
1001 1090 1149 1173 essent,
1188 1106 1239 1155 ex
1265 1081 1462 1158 duodecim
1490 1079 1671 1158 centuriis
1705 1093 1829 1158 autem
1862 1084 2025 1160 maxime
2056 1108 2146 1184 pars
2171 1084 2268 1184 ipsis
2295 1086 2432 1162 adver·

538 1214 706 1294 seretur,
739 1200 813 1275 nisi
840 1200 991 1301 egregie
1018 1200 1149 1290 fallor,
1187 1197 1227 1274 in
1253 1199 1409 1298 reliquis
1433 1197 1510 1274 illis
1537 1197 1718 1274 centuriis
1752 1198 1872 1276 fuisso
1904 1201 2063 1300 putandi
2095 1211 2205 1294 sunt,
2238 1223 2334 1301 quae
2361 1225 2433 1282 sex
2572 1232 2575 1255 ¹

540 1320 719 1420 suffragia
745 1318 1000 1418 appellantur,
1034 1313 1278 1416 pracsertim,
1318 1341 1430 1414 quum
1457 1324 1497 1390 et
1525 1315 1746 1410 discrimen,
1779 1317 1880 1414 quod
1908 1319 1954 1391 ab
1979 1316 2088 1394 initio
2110 1317 2215 1394 inter
2248 1321 2316 1394 hos
2341 1320 2434 1396 reli

540 1461 704 1538 quosque
730 1434 917 1510 centurion
943 1434 1027 1526 fuit,
1055 1455 1172 1532 usquc
1195 1432 1241 1508 ad
1263 1442 1433 1508 extrema
1454 1442 1626 1534 tempora
1645 1433 1876 1534 reipublicae
1896 1433 2071 1510 liberae
2058 1457 2100 1510 ιιι
2120 1433 2281 1513 comitiis
2302 1447 2435 1515 centu-

539 1555 645 1630 riatis
671 1561 861 1629 servatum
889 1552 956 1644 ιιι,
983 1576 1105 1649 neque
1131 1549 1294 1626 alienum
1321 1549 1371 1626 sit
1396 1575 1418 1624 a
1443 1575 1555 1642 vcro,
1582 1537 1749 1642 nobiles,
1775 1561 1817 1626 ut
1842 1562 1969 1628 cetera
1993 1551 2235 1652 patriciorum
2261 1562 2436 1631 veterum

539 1669 739 1774 privilegia
770 1669 940 1769 arripere
975 1669 1216 1760 studuerant,
1250 1666 1305 1743 sic
1336 1666 1549 1769 principem
1579 1667 1724 1742 huuc
1712 1689 1752 1744 ιιι
1786 1667 1949 1792 comitiis
1985 1669 2110 1746 locum
2131 1669 2195 1772 ¹⁰⁹)
2229 1669 2346 1748 sibi
2334 1672 2432 1773 apsis

539 1787 766 1866 vindicasse.

1261 2127 1317 2238 ι
1332 2123 1427 2239 nb
1444 2143 1490 2238 ο
1504 2078 1549 2237 r
1600 2125 1700 2238 Π.

956 2295 1011 2406 Α
1045 2293 1105 2402 Ο.
1141 2293 1373 2417 Graccho
1409 2327 1573 2436 usquc
1606 2292 1674 2398 ad
1706 2293 2020 2434 Augustum

2580 565 2583 875 ι

1979 2479 1986 2488 ,

1399 2531 1614 2590 ’“”
2572 2386 2583 2839 l

1224 2679 1226 2684 ’
1353 2677 1395 2764 v
1409 2699 1446 2764 a
1495 2734 1509 2762 .
1566 2677 1616 2762 Ι.

887 2835 1002 2920 oros
1047 2839 1248 2944 equester
1291 2833 1345 2916 ab
1388 2700 1537 2916 ordine
1581 2834 1797 2918 scuatmio
1842 2768 2082 2943 separatus

543 2991 692 3102 'frium
718 3021 801 3098 lere
828 3021 1040 3096 seculorum
1067 3019 1201 3122 spatio,
1228 3019 1327 3119 quod
1352 3017 1451 3094 inter
1470 3017 1653 3095 Veiorum
1680 3019 1995 3120 oppugnationem
2023 3032 2062 3097 et
2082 3019 2339 3101 Gracchorum
2366 3051 2431 3102 ae-

541 3149 657 3218 tatem
682 3140 899 3231 interiacet,
931 3136 1094 3238 primum
1126 3137 1308 3213 institutis
1341 3131 1500 3236 privatis
1535 3133 1735 3236 stipendiis
1770 3136 2026 3233 equestribus,
2060 3149 2139 3214 tum
2174 3143 2430 3219 crescentibus
2580 3215 2581 3230 ,

541 3259 824 3358 publicanorum
858 3254 1012 3352 opibus,
1047 3256 1183 3328 deinde
1219 3251 1337 3325 auctis
1363 3249 1429 3344 iis,
1465 3251 1529 3352 qui
1563 3251 1669 3351 equis
1701 3249 1861 3354 privatis
1895 3268 2101 3349 mererent,
2137 3266 2250 3355 quum
2284 3259 2430 3362 equites
2574 3272 2581 3373 J

541 3395 638 3470 equo
663 3396 701 3473 p.
728 3372 863 3444 eodem
889 3393 1040 3467 semper
1065 3391 1221 3443 numero
1248 3380 1386 3461 esseut,
1417 3367 1578 3467 denique
1605 3368 1899 3470 prouincialibus
1925 3371 2207 3472 publicanorum
2234 3379 2430 3472 magistra-

541 3499 718 3588 tuumque
754 3481 953 3561 discordiis
988 3485 1127 3560 lactum
1154 3495 1253 3578 erat,
1292 3495 1333 3561 ut
1361 3495 1400 3560 ιι
1432 3485 1670 3585 negotiorum
1702 3484 1883 3560 societate
1918 3499 1957 3561 et
1991 3473 2176 3566 communi
2209 3488 2248 3564 in
2283 3489 2430 3567 nobiles

541 3605 628 3681 odio
655 3604 801 3704 equites
827 3603 927 3677 iuter
953 3627 994 3675 sc
1021 3601 1348 3700 coniungerentur,
1376 3627 1398 3676 o
1423 3612 1556 3678 senatu
1582 3613 1719 3691 autem,
1745 3623 1768 3672 a
1794 3621 1866 3697 quo
1893 3601 1939 3674 ab
1964 3599 2072 3676 initio
2105 3619 2235 3684 contra
2259 3607 2430 3707 plebeios
2512 3659 2516 3666 -

540 3729 734 3814 steterant,
762 3726 1033 3796 averterentur.
1085 3718 1289 3797 Distractio
1316 3717 1478 3821 partium
1504 3727 1629 3792 autem
1653 3716 1824 3817 perlecta
1850 3728 1909 3793 est
1935 3719 2079 3793 duabus
2105 3721 2341 3822 potissimum
2367 3749 2430 3798 re-

541 3843 631 3932 bus,
670 3849 886 3913 senatorum
912 3860 933 3909 c
963 3835 1140 3910 centuriis
1167 3837 1332 3934 equitum
1358 3834 1576 3910 exclusione
1604 3843 1643 3908 ιι
1670 3833 1711 3908 C.
1739 3831 1903 3911 Gracchi
1928 3839 2013 3938 lege
2038 3835 2245 3914 iudiciaria

709 3953 741 4029 L
768 3953 980 4028 Laudatum
1006 3964 1065 4028 est
1091 3977 1205 4054 supra
1231 3953 1479 4053 fragmentum
1505 3939 1699 4028 Ciceronis
1724 3950 1811 4026 libri
1833 3952 1880 4027 de
1901 3952 2094 4062 republica
2116 3956 2256 4054 quarti.
2284 3959 2431 4056 „Quam

414 4133 422 4148 .
541 4071 734 4150 commode
762 4056 913 4145 ordines
941 4069 1119 4172 desripti‚
1147 4079 1306 4161 aetates,
1333 4071 1484 4162 classes,
1510 4069 1719 4168 equitatus,
1745 4067 1784 4142 in
1810 4093 1883 4164 quo
1912 4067 2091 4170 suffragia
2115 4070 2228 4144 etiam
2255 4083 2342 4147 sunt
2368 4099 2430 4148 se-

541 4201 671 4267 natus:
697 4185 808 4266 nimis
834 4184 1000 4262 multis'
988 4211 1062 4261 ram
1088 4187 1203 4262 stulte
1229 4187 1324 4261 banc
1349 4185 1549 4262 utilitatem
1574 4185 1656 4261 tolli
1679 4183 1927 4286 cupientibus,
1954 4185 2016 4282 qui
2037 4211 2172 4263 novam
2193 4185 2430 4289 largitionem

540 4318 723 4406 quaerunt
758 4306 881 4404 aliquo
914 4303 1113 4406 plebiscito
1148 4301 1423 4380 reddendorum
1457 4306 1668 4402 equorum“
1671 4354 1681 4374 .
1733 4299 1840 4400 Quae
1868 4299 2098 4380 Niebuhrius
2131 4303 2235 4380 Hist.
2262 4305 2370 4381 Rom.
2397 4307 2428 4398 Ι,

540 4448 578 4523 p.
602 4420 679 4494 487
705 4420 763 4494 ed.
790 4428 875 4494 tert.
903 4421 1055 4522 egregie
1082 4419 1346 4498 animadvertit
1371 4417 1423 4496 ita
1447 4420 1518 4494 sub
1543 4439 1708 4519 persona
1733 4415 1902 4494 Africani
1928 4419 2112 4521 proferri,
2151 4430 2193 4495 ut
2217 4448 2300 4515 res,
2334 4449 2429 4522 quac

539 4533 601 4613 hic
626 4563 648 4612 a
674 4536 862 4640 nonnullis
888 4538 1026 4612 tentari
1052 4535 1200 4628 dicitur,
1225 4537 1352 4639 paullo
1371 4537 1582 4638 postfacto
1608 4559 1692 4610 esse
1719 4533 1845 4635 putari
1872 4535 2018 4629 debeat,
2044 4537 2084 4612 id
2110 4547 2169 4612 est
2193 4539 2321 4639 paullo
2343 4554 2430 4640 post

541 4657 584 4731 Ο.
607 4651 871 4755 Sempronium
898 4661 938 4726 ct
966 4653 1025 4730 Μ’.
1039 4653 1246 4754 Aquillium
1266 4655 1371 4732 (loss.
1400 4654 1449 4754 (a.
1476 4681 1510 4732 a.
1527 4653 1615 4730 chr.
1642 4677 1679 4730 u.
1710 4651 1812 4754 129),
1838 4663 1878 4732 ιι
1904 4652 1985 4730 eius
2013 4653 2230 4732 mutationis
2256 4655 2429 4734 instantis

545 4977 591 5043 us)
610 4990 637 5026 v,
657 4991 717 5044 cap,
738 4969 771 5032 11,
788 4976 810 5045 ς,
829 4977 854 5030 u,
931 4961 932 4966 '
1476 4965 1966 5041 1¹⁰¹)v.not.2l.cs.l.ll.cnp.
1990 4963 2104 5042 ιιι.
