5254 6186
540 497 612 582 lo

707 731 784 832 Qui
823 729 939 830 igitur
980 725 1148 802 aLivio
1190 725 1337 824 equites
1358 725 1531 802 'Romani
1566 727 1804 827 appellantur
1843 726 1891 802 iis
1925 727 2177 828 temporibus,
2220 754 2316 828 qnae
2350 739 2442 806 sunt

544 857 629 924 ante
657 846 871 938 Gracchos,
905 845 1167 944 intelliguntur
1193 844 1340 942 equites
1366 867 1463 942 equo
1489 844 1660 945 publico,
1696 845 1760 943 qui
1785 845 1994 938 interdum,
2027 855 2071 919 ut
2095 845 2259 922 Marcius
2286 848 2372 938 illc,
2398 848 2442 922 iu

543 966 697 1042 cohorte
718 963 903 1067 praetoris
931 972 1054 1052 erant;
1076 985 1338 1060 nonnunquam
1364 960 1599 1036 tribunorum
1625 961 1978 1061 praefectorumque
1999 985 2154 1037 munere
2175 964 2442 1064 fungebantur,

541 1107 693 1158 numero
720 1081 851 1183 pauci,
890 1079 1110 1154 auctoritate
1137 1077 1274 1153 ceteris
1301 1077 1587 1178 praecellentes.
1641 1078 1700 1152 Cf.
1726 1077 1813 1154 Liv.
1841 1077 1910 1170 ab,
1944 1077 2013 1170 31,
2052 1079 2111 1152 15.
2138 1079 2186 1156 de
2212 1081 2372 1156 victoria
2404 1107 2442 1156 a.
2559 1162 2563 1179 Ι

544 1199 618 1276 187
644 1224 676 1272 a.
704 1200 792 1272 Chr.
819 1223 856 1273 n.
882 1196 922 1271 in
946 1195 1136 1294 Hispania
1161 1204 1289 1295 partas
1315 1194 1477 1269 Romani
1504 1193 1670 1292 sociique
1697 1196 1824 1298 paullo
1850 1197 1937 1297 plus
1965 1194 2136 1270 sexcenti
2162 1207 2201 1272 et
2225 1197 2445 1298 provincia·
2559 1212 2563 1225 '

541 1315 633 1390 lium
660 1315 883 1390 auxiliorum
910 1322 1059 1388 centum
1085 1311 1351 1411 quinquaginta
1377 1313 1497 1387 ferme
1524 1311 1753 1408 ceciderunt,
1780 1311 1921 1388 tribuni
1947 1312 2106 1390 militum
2129 1313 2291 1414 quinque
2314 1316 2444 1391 amissi

544 1440 583 1508 et
607 1431 718 1532 pauci
751 1431 897 1529 equites
923 1428 1085 1504 Romani
1111 1439 1288 1504 cruentae
1314 1428 1475 1504 maxime
1510 1427 1692 1503 victoriae
1726 1429 1894 1530 speciem
1920 1430 2104 1506 lecerunt.
2156 1431 2304 1510 Eodem
2329 1433 2443 1508 modo

539 1547 710 1649 intelligo
736 1549 890 1624 Livium
917 1547 987 1636 30,
1025 1546 1091 1637 18,
1128 1545 1186 1620 15.
1240 1545 1393 1620 Tertiae
1420 1545 1587 1620 decimae
1622 1570 1768 1644 quoque
1803 1545 1963 1644 legionis
1999 1589 2048 1600 —-
2084 1547 2152 1622 On.
2178 1548 2344 1624 Heluius
2372 1550 2445 1624 tri-

541 1667 663 1740 bunus
689 1665 849 1741 militum
882 1664 921 1737 in
956 1662 1189 1738 restituenda
1222 1687 1349 1763 pugna
1380 1660 1515 1736 cecidit
1548 1671 1588 1736 et
1613 1663 1688 1738 duo
1715 1673 1754 1738 et
1780 1661 1916 1763 viginti
1943 1663 2064 1740 ferme
2100 1664 2247 1762 equites
2273 1664 2443 1742 illustres

542 1781 671 1858 obtriti
697 1784 744 1860 ab
770 1780 983 1880 elephantis
1011 1805 1094 1854 cum
1120 1779 1401 1854 centurionibus
1428 1777 1571 1876 aliquot
1596 1780 1803 1878 perierunt.

707 1898 744 1972 5.
783 1898 877 1972 Dixi
903 1923 1018 1998 supra
1043 1922 1091 1972 no
1118 1896 1314 1972 Serdonis
1341 1895 1491 1994 quidem
1516 1895 1750 1996 temporibus
1777 1922 1827 1971 ex
1861 1921 1978 1972 censu
2004 1896 2087 1971 solo
2114 1897 2261 1996 equites
2286 1897 2328 1974 iu
2354 1925 2446 1976 cen-

542 2015 660 2094 turias
687 2016 806 2089 lectos
834 2039 938 2105 esse,
974 2016 1042 2090 sed
1068 2014 1218 2114 generis
1246 2015 1358 2089 etiam
1383 2013 1568 2088 rationem
1594 2011 1779 2103 habitem,
1815 2011 1929 2110 idque
1950 2038 2002 2089 eo
2029 2011 2148 2112 magis
2174 2025 2309 2113 postea
2334 2015 2443 2091 invu-

543 2131 679 2222 luisse‚
713 2156 826 2230 quum
852 2131 1005 2232 regibus
1032 2131 1175 2206 exactis
1203 2131 1378 2206 diuturna
1411 2130 1477 2204 illa
1501 2129 1602 2204 iuter
1627 2137 1755 2228 patres
1789 2130 2014 2228 plebemque
2041 2131 2231 2224 contentio
2266 2131 2443 2226 oriretur,

542 2248 582 2348 iu
616 2274 688 2348 qua
723 2249 867 2346 equites
902 2274 1055 2349 semper
1089 2273 1130 2324 se
1165 2250 1212 2330 od
1246 2259 1375 2349 patres
1401 2245 1676 2346 applicueruut.
1731 2246 2032 2345 Quamobrem
2059 2273 2137 2324 uon
2168 2274 2328 2348 parvum
2360 2274 2443 2324 mo-

542 2377 707 2442 mentum
742 2367 790 2441 ad
823 2365 1100 2440 confirmandos
1134 2366 1258 2465 plebis
1295 2365 1438 2444 animos
1471 2360 1807 2438 incommunicato
1842 2363 1915 2437 hoc
1947 2362 2103 2440 militiae
2141 2365 2283 2442 honore
2310 2366 2443 2461 luisse,

544 2508 618 2581 quo
644 2483 697 2558 ita
724 2482 828 2582 digni
855 2481 960 2556 ethi
986 2481 1129 2581 reperti
1156 2494 1261 2572 sunt,
1298 2482 1432 2556 utillo
1457 2482 1539 2556 laus
1565 2479 1726 2554 Romani
1761 2479 1948 2579 equitatus
1975 2481 2021 2555 ab
2057 2481 2314 2579 antiquissimo
2347 2494 2444 2559 teun-

546 2623 640 2698 pore
666 2608 894 2702 propagata,
933 2598 1047 2674 etiam
1071 2609 1160 2699 post
1184 2595 1329 2697 Vejens
1355 2599 1497 2676 bellum
1524 2596 1572 2674 ad
1596 2595 1733 2676 Persei
1759 2621 1878 2696 usque
1913 2622 2048 2676 aevum
2081 2598 2298 2708 incorrupta
2332 2611 2444 2700 atque

483 2713 485 2718 ’
544 2713 693 2815 integra
717 2715 909 2796 manserit.
930 2714 976 2815 Π)

710 2834 853 2930 Atque,
880 2855 994 2930 quum
1019 2858 1067 2907 eo
1093 2833 1175 2908 sera
1200 2842 1374 2934 tempore
1401 2854 1498 2929 equo
1525 2855 1673 2906 merere
1699 2829 1936 2931 coepissent,
1968 2857 2042 2932 quo
2069 2832 2299 2932 stipendium
2321 2834 2446 2936 pediti

546 2948 789 3024 coustitutum
817 2957 894 3039 est,
916 2947 963 3046 ²⁸)
1000 2957 1038 3024 et
1064 2949 1253 3048 equitibus
1279 2949 1304 3024 i.
1333 2975 1366 3024 e.
1393 2948 1458 3047 qui
1492 2948 1572 3024 suis
1605 2947 1713 3048 equis
1738 2951 1951 3040 merebant,
1987 2948 2085 3032 aeris
2111 2960 2237 3030 cemus
2263 2976 2444 3030 uumerus

498 3107 504 3117 ,
545 3064 756 3164 assignatus
784 3075 853 3144 est.
875 3063 922 3164 ³⁰)
974 3067 1087 3166 Quod
1113 3092 1177 3142 aes
1203 3066 1311 3142 initio
1336 3067 1481 3172 duplex
1506 3066 1628 3142 fuisse
1653 3064 1806 3140 videtur
1831 3061 1914 3164 ejus
1941 3065 2141 3163 stipendii,
2167 3069 2268 3165 quod
2294 3071 2445 3170 pedites

543 3180 796 3280 accipiebant,
814 3182 864 3281 ⁸⁰)
902 3183 943 3259 id
968 3195 1029 3258 est
1054 3209 1130 3259 non
1156 3183 1279 3258 minus
1305 3179 1391 3275 illo,
1427 3185 1527 3282 quod
1553 3207 1648 3281 equo
1675 3181 1810 3256 alendo
1845 3180 2036 3255 hordearii
2068 3181 2219 3266 nomine
2254 3188 2443 3285 equitibus

467 3373 472 3385 ,
543 3321 602 3393 eq.
637 3321 674 3397 p.
710 3296 962 3389 tribuebatur,
980 3299 1029 3396 81)
1063 3300 1176 3396 idque
1204 3299 1349 3373 duobus
1384 3299 1491 3374 annis
1508 3361 1510 3368 .
1525 3309 1613 3400 post
1644 3298 1788 3398 triplex
1822 3298 1962 3374 factum
1996 3306 2056 3372 est
2072 3297 2121 3399 ⁸²)
2154 3298 2223 3391 iis,
2264 3304 2327 3400 qui
2354 3331 2444 3396 aera

543 3409 734 3510 equestria
766 3436 841 3489 non
878 3413 1101 3513 acciperent
1121 3413 1169 3520 ⁸³)
1222 3415 1282 3488 Ab
1307 3415 1366 3490 his
1392 3415 1446 3490 its
1480 3417 1528 3492 ad
1561 3418 1701 3492 alteros
1734 3413 1830 3491 illud
1862 3405 2093 3514 stipendium
2127 3418 2348 3518 pervenisse
2382 3419 2442 3494 xi-

542 3527 671 3620 detur,
700 3539 742 3604 ut
766 3531 920 3607 sublato.
940 3529 1141 3608 hordeario
1166 3529 1234 3607 illo
1260 3531 1385 3606 viduis
1411 3532 1616 3632 imperato,
1644 3527 1750 3628 cujus
1776 3539 1911 3628 posteo
1936 3533 2040 3610 nulla
2064 3543 2125 3605 est
2149 3532 2307 3624 mentio,
2334 3535 2441 3634 equi-

546 3641 647 3726 tibus
674 3666 770 3743 equo
797 3647 948 3744 publico
974 3658 1127 3749 praeter
1152 3646 1382 3747 stipendium
1407 3647 1549 3745 triplex
1573 3671 1660 3722 aera
1684 3655 1829 3724 tuntum
1854 3645 2045 3743 equestria
2064 3645 2376 3747 relinquerentur.
2390 3651 2441 3750 8⁴)

715 3760 893 3844 Ceterum
920 3763 1032 3840 etiam
1059 3773 1258 3864 postquam
1283 3763 1443 3840 Liciniis
1469 3764 1616 3862 legibus
1643 3758 1806 3861 plebejis
1841 3772 1879 3838 et
1904 3762 1944 3838 in
1971 3774 2140 3848 senatum
2174 3775 2214 3840 et
2245 3765 2285 3840 in
2310 3767 2443 3850 XVIII

545 3876 734 3956 centurias
769 3877 926 3953 liberior
959 3880 1082 3960 aditus
1109 3881 1230 3958 factus
1257 3891 1334 3973 est,
1369 3891 1512 3956 tantum
1539 3878 1757 3954 etiamtum
1791 3881 1973 3981 temporis
2000 3884 2151 3975 aberat,
2175 3891 2227 3958 ut
2252 3885 2442 3983 antiquum

542 3991 638 4068 illud
673 3992 774 4072 iuter
808 4007 979 4071 senatum
1010 3997 1231 4097 equitesque
1267 3995 1457 4075 uinculum
1483 3998 1716 4090 solveretur,
1752 4007 1811 4089 ut,
1844 4021 1959 4100 quum
1994 4007 2033 4082 et
2058 4009 2273 4084 senatorum
2307 3999 2377 4080 filii
2402 4009 2443 4074 et

542 4177 964 4198 m

542 4259 946 4386 '²’.Xa0lihi.iil·.iitil
963 4261 1455 4402 ta.t}z⁶hhi².‘ti‘tt2..³h
1523 4261 1640 4416 ”iiii
1653 4261 1824 4384 hibat
1842 4264 2020 4406 {ailadis
2039 4261 2250 4400 iifllt‘lt
2266 4273 2338 4396 ”iii
2360 4273 2390 4387 {t
2412 4265 2441 4388 ll

571 4395 741 4460 hostium,
760 4403 960 4467 equitatum
978 4402 1184 4467 Romanum,
1211 4417 1276 4472 quo
1294 4403 1455 4458 luvictos
1557 4399 1698 4470 triumphis
1726 4399 1900 4468 observator,
1927 4412 1954 4457 ut
1973 4403 2088 4475 simplex
2107 4403 2206 4472 pedes,
2231 4399 2330 4468 duplex
2350 4411 2440 4456 cento·

571 4481 609 4520 ao
627 4481 709 4517 esse
728 4465 1000 4538 gloriabuntur,
1028 4470 1186 4528 fudistis,
1556 4470 1613 4536 rio,
1639 4469 1737 4539 triplex
1757 4489 1841 4542 eques
1860 4474 1985 4546 accipiat.
2022 4471 2440 4534 v,1.rv.33‚23.c.n0u.in-

541 4576 576 4645 ¹³)
596 4575 657 4630 uoc
675 4573 775 4627 sactum
796 4581 836 4628 est
855 4590 879 4626 a.
898 4574 950 4628 aso
966 4591 993 4630 a.
1010 4573 1073 4630 cor.
1093 4590 1119 4634 a.
1156 4573 1217 4628 mv.
1236 4577 1262 4639 a,
1280 4575 1322 4632 so,
1340 4575 1382 4631 oo.
1557 4542 2190 4677 {illiqffqissoqussh³40'35‘215‘2425J4'q,
2211 4539 2333 4670 Ἢ
2351 4543 2395 4608 ³9.
2413 4543 2439 4608 5³

541 4681 576 4749 u)
595 4680 642 4733 Sic
661 4687 735 4736 recte
754 4677 872 4748 explicat
891 4674 1044 4732 lluschkius
1062 4694 1090 4746 p.
1109 4679 1161 4733 375
1179 4675 1286 4736 Litium
1304 4681 1336 4744 5,
1359 4680 1384 4733 7.
1523 4711 1561 4784 0³)
1580 4695 1660 4772 Nion.
1681 4712 1713 4767 ss·
1731 4732 1759 4784 P·
1776 4715 1836 4778 49&
1855 4721 1910 4768 not
1928 4714 1988 4767 97¹·
2019 4703 2179 4763 'Huschk'us
2197 4727 2224 4779 P·
2243 4712 2303 4768 377.

538 4782 618 4907 ⁸⁰)fflv.
632 4781 833 4908 5lgicbssllissp.
855 4779 989 4906 {gimel
1008 4778 1128 4834 Huschk.
1152 4797 1179 4850 p.
1207 4781 1269 4838 sto.
1290 4781 1373 4854 *lupo
1392 4778 1453 4834 hir.

534 4956 573 5025 ⁸¹)
593 4957 608 5010 i.
627 4974 651 5010 o.
672 4955 725 5010 duo
744 4953 831 5010 millia
848 4952 928 5007 aeris.
1555 4951 1677 5008 1105ch
1696 4953 1712 5006 q
1731 4953 1748 5006 q¹
1768 4952 1848 5006 Nico,
1868 4951 1885 5004 q,
1904 4951 1922 5004 q¹

1521 4781 1557 4881 el)
1579 4815 1661 4869 Certe
1691 4833 1784 4880 nerum
1808 4816 1971 4886 equestrlum
1996 4812 2076 4865 etiam
2095 4811 2207 4866 Catonis
2225 4821 2349 4883 tempore
2366 4829 2438 4867 men·
2566 4817 2567 4880 l

1494 4917 1500 4928 ι
1556 4885 1595 4936 tio
1614 4885 1652 4938 stt.
1680 4885 1714 4938 cs.
1730 4903 1754 4942 n,
1774 4889 1809 4939 50
1824 4894 1852 4936 et
1872 4883 1980 4936 l'ssurm
1999 4897 2026 4940 v.
2045 4880 2201 4953 impolitius,
2224 4882 2315 4940 cide
2331 4891 2390 4942 totu
2408 4899 2438 4936 rc
2566 4901 2567 4906 ¹
