5254 6186
378 821 439 898 nd
473 821 573 896 hrtnc
605 828 860 896 trecentorum
885 819 1052 918 equitnm
1085 839 1280 894 numerum
1313 817 1479 918 receptis
1512 819 1614 895 inter
1646 819 1749 896 cives
1775 821 1932 896 Albanis
1966 823 2102 900 'l‘nllus

212 932 403 1014 Hostilius
431 937 468 1012 X
502 937 668 1036 equitum
702 947 843 1012 turmas
870 937 895 1012 i.
922 959 956 1012 e.
983 938 1123 1012 alteros
1150 945 1339 1012 trecentos
1367 934 1522 1026 addidit,
1542 936 1571 1036 6)
1598 937 1699 1035 iique
1726 938 1895 1014 sexcenti
1918 939 2103 1018 institutis
2181 1023 2183 1028 ,

212 1077 236 1126 a
261 1052 467 1150 Tarquinio
492 1053 627 1129 Prisco
652 1053 948 1146 Ramnensibus,
983 1051 1238 1144 Titiensibus,
1272 1052 1482 1128 Luceribus
1516 1052 1789 1154 posterioribus
1822 1056 1870 1130 ad
1903 1057 2006 1131 mille
2033 1060 2103 1135 du·

214 1179 344 1245 centos
369 1169 522 1246 redacti.
542 1170 570 1270 ἶ)
1433 1263 1435 1268 Α

377 1285 493 1362 Hunc
525 1311 721 1363 numerum
755 1285 923 1386 agnoscit
957 1283 1091 1360 Cicero
1126 1284 1173 1360 de
1207 1292 1296 1385 rep.
1322 1284 1366 1376 2,
1401 1285 1462 1360 20.
1508 1285 1633 1379 „Sed
1666 1273 1821 1364 tamen
1853 1289 2102 1389 prioribus

213 1399 424 1497 equitnm
451 1405 673 1503 partibus
706 1401 933 1480 secundis
969 1400 1152 1478 additis
1184 1401 1227 1476 Μ
1260 1411 1308 1476 et
1341 1401 1412 1476 00
1446 1401 1567 1476 fecit
1601 1404 1838 1502 equites.“
1898 1407 1976 1482 Sed
2000 1408 2103 1484 idem

212 1514 338 1594 addit:
372 1543 713 1619 numerumque
748 1517 1025 1621 duplicavit
1049 1527 1297 1617 postquam
1323 1519 1455 1593 bello
1478 1520 1684 1619 “subegit
1711 1521 1979 1620 Aequorum
2007 1549 2102 1599 ma-

212 1633 346 1733 ¹qnam
381 1645 568 1734 gentem
602 1647 650 1714 et
682 1638 894 1714 ferocem
928 1647 974 1710 et
999 1638 1143 1712 rebus
1170 1634 1337 1734 populi
1362 1635 1559 1710 Romani
1586 1635 1951 1713 imminentem.“
2015 1640 2101 1739 Quo

211 1749 295 1826 loco
330 1751 491 1831 dubitari
525 1779 601 1830 non
632 1779 746 1854 posse
782 1753 942 1828 arbitror
972 1753 1020 1826 de
1046 1775 1145 1826 nova
1171 1761 1210 1825 et
1235 1750 1368 1826 iterata
1394 1752 1646 1853 duplicatione
1673 1755 1839 1852 equitum
1865 1755 1968 1853 loqui
1995 1757 2103 1831 Cice·

211 1889 362 1959 ronan,
396 1865 503 1971 cujus
529 1871 585 1945 rei
612 1893 780 1946 caussam
805 1869 932 1964 fuisse¹
951 1866 1152 1943 adventum
1180 1866 1298 1942 Caelii
1323 1867 1517 1942 Vibennae
1544 1869 1716 1962 Etrusci,
1751 1870 1813 1969 qui
1847 1884 1980 1972 postea
2009 1872 2103 1946 Ser·

212 1983 297 2062 vius
324 1986 475 2065 Tullius
509 1987 631 2062 dictus
668 1997 746 2078 est,
786 1986 996 2062 ostendisse
1024 1983 1097 2058 sibi
1121 1983 1227 2064 risus
1252 1995 1312 2060 est
1337 1984 1557 2060 Huschlius
1582 2010 1620 2085 p.
1647 1987 1699 2060 02
1713 2031 1760 2042 -
1775 1988 1836 2061 52.
1896 1989 1973 2063 Sed
2008 1990 2104 2064 hanc

211 2123 304 2192 rem,
331 2099 438 2202 cujus
465 2125 580 2176 unum
605 2113 747 2177 tantum
774 2099 969 2201 probabile
995 2095 1252 2200 argumentum
1279 2111 1356 2186 cst,
1390 2102 1491 2199 quod
1517 2101 1674 2176 Servius
1703 2129 1725 2176 a
1749 2102 1936 2202 Dionysio
1971 2103 2038 2204 (0,
2065 2105 2102 2180 3.

210 2215 395 2293 Huschke
422 2246 460 2319 p.
486 2217 565 2319 08.)
592 2217 778 2316 equitatus
804 2217 1038 2315 nominisque
1064 2217 1192 2294 Latini
1218 2219 1296 2292 dux
1320 2217 1440 2292 luisse
1467 2227 1654 2308 narratur,
1680 2219 1720 2292 in
1746 2219 1870 2294 medio
1896 2244 1995 2296 nunc
2021 2223 2103 2320 qui·

211 2330 298 2407 dem
332 2334 617 2433 relinquendum
644 2333 878 2425 existimavi,
918 2357 968 2409 ne
1001 2333 1114 2408 certis
1140 2333 1284 2410 incerta
1308 2334 1518 2409 missorem.
1576 2334 1683 2433 Quae
1711 2335 1811 2410 anim
1837 2339 2028 2437 hucusque
2054 2339 2102 2413 de

211 2448 401 2546 equitibus
425 2452 582 2544 tradidif,
608 2450 835 2528 testimoniis
862 2449 975 2524 certis
1001 2450 1187 2541 nituntur,
1214 2451 1347 2543 unde,
1360 2473 1473 2548 quum
1500 2451 1546 2526 ad
1573 2451 1694 2526 curias
1721 2463 1964 2550 senatumque
1990 2480 2104 2553 quae·

213 2563 381 2642 stionem'
405 2569 663 2660 transtuleris,
697 2593 719 2641 a
750 2568 828 2641 fide
861 2574 1055 2641 auctorum
1089 2566 1136 2640 ad
1170 2565 1422 2666 conjecturam
1447 2591 1510 2642 res
1537 2568 1684 2644 redibit
1741 2569 1803 2644 Ex
1829 2567 1963 2666 quibus
1989 2594 2103 2667 quae-

213 2679 396 2758 stionibus
431 2709 504 2758 una
537 2694 681 2758 tantum
714 2684 787 2757 huc
820 2680 997 2782 pertinet.
1057 2683 1144 2756 Non
1176 2682 1294 2756 dubiis
1329 2682 1429 2758 enim
1456 2684 1684 2783 argumentis
1710 2683 1939 2760 Niebubrius
1965 2687 2103 2780 docuit,

211 2819 333 2896 neque
359 2799 547 2892 Luceres,
581 2825 703 2898 neque
742 2801 929 2890 Albanos,
951 2798 1075 2898 quire
1112 2799 1176 2895 alii
1207 2811 1340 2906 postca
1365 2799 1465 2874 inter
1490 2799 1593 2876 cives
1618 2799 1808 2876 Romanos
1834 2803 1979 2902 recepti
2006 2814 2104 2897 sunt,

210 2912 251 2989 in
277 2915 457 2991 Senatum
484 2916 666 2991 Curiasve
701 2917 827 2992 statim
859 2918 1014 2990 allectos
1042 2939 1138 2990 esse.
1202 2914 1272 2989 Cui
1305 2914 1544 3016 conjecturae
1571 2919 1725 2992 alteram
1754 2915 1926 3018 adjunxit
1950 2918 2105 2995 Husch-

212 3027 309 3103 lius.
369 3032 494 3131 Quum
529 3034 629 3109 enim
664 3032 810 3132 equites
844 3035 1061 3132 legerentur
1095 3043 1134 3106 et
1168 3057 1190 3105 e
1222 3031 1336 3107 curiis
1369 3044 1455 3107 eta
1490 3031 1664 3132 gentibus
1691 3033 1730 3107 in
1756 3032 1947 3108 ciuitatem
1972 3060 2105 3110 recens

211 3147 397 3246 receptis,
429 3149 469 3224 hi
496 3161 620 3225 autem
646 3173 722 3224 non
748 3151 880 3225 eodem
902 3147 1011 3248 jure,
1038 3172 1112 3246 quo
1138 3158 1289 3222 veteres
1317 3147 1419 3224 cives
1447 3159 1594 3238 essent,
1628 3149 1834 3240 concludit,
1860 3148 1979 3243 idem,
2006 3151 2105 3247 quod

132 3303 136 3314 ·
214 3260 315 3338 inter
341 3264 464 3357 circs,
492 3266 605 3341 etiam
631 3267 731 3346 inter
758 3266 904 3365 equites
931 3263 1050 3338 luisse
1079 3262 1279 3338 discrimen
1305 3275 1357 3353 ut,
1385 3263 1448 3360 qui
1473 3263 1513 3336 in
1540 3262 1652 3338 curiis
1674 3275 1812 3354 essent,
1839 3263 1965 3362 gravis
1986 3289 2105 3339 arma-

213 3386 340 3471 turae,
373 3382 437 3479 qui
462 3406 595 3457 recens
623 3383 888 3484 advenissent,
922 3380 1020 3455 levis
1047 3390 1255 3455 armaturae
1284 3379 1437 3456 suerint.
1497 3379 1583 3478 Quo
1617 3379 1737 3454 refert
1769 3378 1892 3453 locum
1924 3377 2107 3455 Varronis

213 3494 261 3569 do
285 3494 333 3571 L.
358 3494 406 3573 L.
431 3497 477 3588 t,
503 3497 539 3570 3.
568 3524 604 3599 p.
630 3497 718 3572 illl.
746 3497 823 3599 Sp,
872 3496 1214 3594 Ferenstarium
1247 3521 1269 3572 a
1302 3491 1527 3586 serendo,
1563 3493 1610 3568 id
1644 3506 1719 3571 est
1751 3494 1891 3572 inane
1924 3520 1975 3569 ac
2000 3494 2105 3572 sina

249 3745 280 3812 ⁶)
299 3743 360 3798 Lir.
381 3747 405 3810 Ι,
423 3747 466 3803 ta
502 3745 585 3800 ilion.
602 3749 629 3813 ³,
646 3749 689 3803 67.
707 3765 734 3817 p.
753 3747 805 3802 579
824 3753 851 3800 st
869 3763 893 3800 c.
912 3746 953 3802 71.
989 3745 1091 3800 Zosas.
1103 3747 1128 3810 7,
1449 3743 1544 3798 decom
1561 3749 1665 3796 turmas
1682 3741 1850 3798 Albanorum
1868 3743 1921 3812 (1,
1938 3743 1992 3810 30)
2010 3744 2070 3800 300.

301 3817 327 3869 6.
358 3813 448 3869 i'sler.
466 3814 543 3868 Max.
561 3819 588 3880 3,
607 3821 631 3870 t.
665 3815 756 3870 Aurei.
774 3817 844 3870 vica
862 3817 887 3870 a.
923 3815 968 3868 De
985 3813 1127 3868 Niebnlrrii
1988 3839 2096 3852 ———

300 3883 552 3952 sentimental.
590 3887 669 3940 ,430
687 3901 746 3953 sqq.
762 3901 789 3938 v.
803 3884 920 3953 iliadvig
935 3900 1028 3951 opusc.
1047 3886 1127 3953 piri.
1355 3879 1356 3882 ’
2011 3881 2071 3935 600.

254 3947 282 4016 ¹)
301 3947 391 4014 ilaec,
418 3961 545 4020 quantum
571 3901 601 4006 ln
628 3955 711 4006 tantis
740 3954 857 4007 tenebris
884 3953 1003 4023 perspici
1028 3960 1127 4022 potest,
1281 3951 1320 4004 sic
1338 3951 1434 4020 pergit.
1454 3965 1477 4003 c.
1495 3949 1545 4014 37,
1572 3950 1596 4004 7.
1633 3945 1777 4016 „Neque
1803 3953 1869 4002 tunt
1894 3947 2106 4018 Tarquinius

300 4033 369 4072 vers
387 4029 429 4074 est
446 4023 626 4090 computatio:
1098 4016 1110 4039 ⁸
1282 4018 1327 4072 de
1354 4019 1507 4088 equitum
1533 4017 1710 4071 centuriis
1734 4013 1922 4086 quidquam
1947 4020 2106 4083 mutavit,

438 4089 569 4145 Romulus
586 4094 647 4146 300.
1281 4103 1419 4142 numero
1444 4087 1593 4140 alterurn
1618 4093 1750 4139 tantum
1775 4085 1927 4154 adjecit,
1951 4095 1985 4139 nt
2010 4088 2107 4141 mille

439 4159 531 4214 Tsrllns
549 4161 681 4215 llostilius
699 4160 760 4216 000.
1282 4163 1316 4210 et
1339 4155 1543 4228 octingenti
1567 4156 1711 4226 equites
1736 4155 1769 4207 in
1794 4156 1908 4208 tribus
1926 4158 2107 4210 centuriis

439 4227 600 4298 Tarquinius
618 4229 732 4286 Priscus
750 4229 920 4283 Ramnenses
937 4243 979 4298 pr.
1031 4229 1092 4282 000.
1207 4233 1210 4236 “
1281 4230 1437 4286 escensu·
1473 4225 1528 4282 Qui
1546 4241 1624 4278 error
1642 4225 1748 4278 Liviam
1767 4222 1916 4288 intimarit,
1934 4231 1964 4275 nt
1982 4223 2018 4276 ad
2036 4224 2107 4278 laune

753 4299 887 4352 'litteuses
935 4313 976 4366 pr.
1030 4298 1091 4350 atto.
1280 4309 1435 4357 sarmarum,
1463 4293 1539 4362 cujus
1564 4311 1661 4347 carnea
1685 4292 1757 4362 apud
1776 4293 1862 4360 ipsum
1886 4291 1985 4345 trustra
2002 4296 2108 4362 quaeri·

720 4405 723 4414 .
753 4366 875 4421 Luceres
938 4383 977 4435 pr.
1030 4367 1091 4419 au).
1281 4373 1339 4429 tur,
1387 4363 1539 4429 errauerit,
1565 4367 1682 4434 apparet
1706 4377 1722 4415 e
1746 4360 1818 4414 Pint.
1841 4375 1869 4413 v.
1895 4359 1973 4414 Rom.
1993 4360 2034 4417 13.
2064 4365 2108 4419 00.

753 4436 923 4488 Ramnenses
938 4441 1008 4504 post.
1031 4435 1092 4488 2⁰0.
1131 4489 1137 4498 ,
1280 4435 1349 4486 sicr
1378 4432 1496 4485 erentisa

754 4504 888 4558 'titienses
938 4511 1010 4572 post
1032 4505 1093 4559 000.
1751 4497 1868 4552 Romani
1891 4498 1994 4568 equites
2013 4501 2073 4554 300.

753 4571 876 4626 Luceres
938 4579 1008 4640 post.
1031 4574 1092 4626 niti.
1749 4567 1847 4621 Sabini
1927 4593 1964 4606 -
2012 4569 2072 4622 300.
2103 4597 2109 4606 ·

1018 4675 1092 4728 lm
1752 4635 1852 4690 Albani
1927 4660 1964 4678 -
2012 4637 2072 4692 out.

302 4754 504 4824 Livinssutsrn,
517 4757 642 4829 quamvis
652 4754 1056 4823 eosdemnumerosbabestss,
1074 4759 1127 4828 13.)
2011 4773 2065 4828 900

569 4827 1014 4910 Ι030000010003(00100000)
1035 4829 1093 4882 ¹⁰⁰·
1284 4846 1328 4916 qui
1354 4859 1479 4898 numerus
1503 4841 1655 4912 duplicatus
1673 4841 1759 4897 eflicit
1776 4841 1849 4898 mille
1865 4839 1936 4892 octbr
1956 4848 2042 4894 entos.
2065 4811 2108 4896 'ln

694 4895 781 4948 'slim
844 4895 1003 4966 (Sablm‘l
1037 4897 1094 4950 ¹0⁰·
1304 4931 1338 4968 uo
1357 4913 1451 4968 Sabini
1471 4911 1636 4982 deceperunt
1655 4911 1845 4974 Plutarchum,
1868 4909 1885 4960 ii
1903 4925 1974 4963 euru
1988 4909 2047 4979 jam
2065 4911 2109 4964 Τί-

698 4963 821 5088 1¹¹¹⁰⁶¹¹⁰l
848 4965 1131 5106 (imi-l&-
1282 4983 1609 5121 tstqqqibqqulqoqtiqqntnr.
1646 4981 1720 5050 (Liv.
1741 4983 1772 5046 1,
1800 4979 1854 5048 1³.)
1873 4977 1907 5034 ci.
1925 4977 2055 5036 lltuclnka
2072 4980 2109 5033 de

1644 5141 1689 5204 1.
