5254 6186
478 485 558 572 46

479 721 627 820 equites
652 713 857 816 praestitit,
893 725 1022 812 quem,
1057 737 1152 811 qnae
1177 722 1237 788 est
1257 711 1467 790 ‘eommunis
1493 710 1904 806 divititumovarom·
1922 737 2050 792 rerum
2075 715 2374 818 seditionumque

481 837 663 924 formido,
684 831 733 930 Μ)
767 857 860 928 quae
886 840 965 908 turn
992 853 1158 928 quoque,
1194 854 1305 927 quum
1331 853 1479 904 omnem
1513 829 1732 928 dignitatem
1766 829 1987 908 iudiciorum
2013 836 2210 927 tenebant,
2245 846 2375 912 contra

483 953 723 1030 Saturninum
751 947 1020 1044 Glauciamque
1048 946 1103 1046 (a.
1134 945 1229 1044 11111)
1256 971 1338 1021 cum
1366 945 1607 1044 optimatibus
1642 971 1708 1022 eos
1735 947 1990 1022 coniunxerat
2010 947 2059 1047 15)
2119 952 2203 1050 Qua
2229 954 2375 1028 sublata

481 1097 591 1170 quam
624 1067 741 1142 fallax
774 1087 954 1162 quamque
988 1064 1106 1138 breve
1140 1071 1288 1160 tempus
1322 1063 1499 1136 duratura
1533 1063 1732 1137 concordia
1758 1071 1860 1137 esset
1886 1063 2076 1156 ordinum,
2111 1066 2262 1142 biennio
2288 1078 2376 1169 post

482 1186 665 1262 Catilinae
698 1180 891 1260 interitum
917 1179 1057 1278 patuit,
1093 1176 1284 1280 quomis,
1318 1177 1381 1276 qui
1407 1203 1503 1254 unus
1530 1177 1612 1254 eius
1645 1180 1866 1256 concordiae
1901 1181 2104 1258 acerrimus
2136 1185 2375 1263 adversarius

482 1313 583 1392 erat,
614 1301 645 1378 Ι.
674 1299 832 1388 Caesar,
866 1295 1035 1394 quamvis
1061 1321 1136 1372 nan
1163 1293 1349 1393 equitibus
1375 1295 1493 1394 magis
1519 1320 1634 1392 quam.
1655 1297 1800 1372 senatui
1827 1298 2055 1398 faveret,⁶⁶)
2081 1311 2207 1376 tamea
2233 1300 2377 1398 gratifi-

481 1420 639 1496 candum
666 1411 805 1511 aliquid
830 1411 878 1487 iis
906 1413 1161 1503 arbitraretur,
1188 1420 1240 1504 ut,
1268 1411 1414 1486 etiarnsi
1441 1436 1515 1486 non
1542 1411 1618 1512 ipsi
1643 1438 1709 1488 eos
1736 1415 1971 1506 conciliaret,
1997 1425 2122 1494 tamen
2148 1442 2170 1490 a
2194 1416 2376 1492 nobilium

481 1545 588 1638 parte
615 1529 858 1628 disiungeret.
910 1530 1020 1605 Anno
1048 1527 1148 1606 euim
1173 1527 1221 1602 61
1247 1527 1402 1602 Clodius
1429 1528 1584 1604 sceleris
1611 1541 1740 1606 contra
1764 1534 1899 1606 bonam
1926 1531 2034 1608 deam
2060 1542 2266 1624 accusatus,
2293 1557 2376 1608 cor-

481 1650 604 1752 ruptis
629 1646 827 1740 iudicibus,
852 1645 916 1744 qui
943 1655 1049 1720 erant
1074 1646 1158 1745 lege
1185 1645 1350 1734 Aurelia,
1378 1646 1569 1720 absolutus
1596 1657 1687 1724 erat.
1735 1648 1850 1722 Caius
1876 1648 2006 1724 iudicii
2031 1648 2174 1724 invidia
2199 1673 2311 1748 quum
2337 1657 2377 1726 ct

483 1792 615 1868 magne
641 1770 763 1854 esset,
797 1786 918 1860 neque
944 1761 993 1836 ad
1019 1787 1104 1854 eos,
1138 1761 1201 1861 qui
1229 1771 1334 1837 erant
1358 1761 1458 1837 inter
1483 1762 1627 1838 iudices
1654 1763 1841 1839 nobilibus
1866 1764 1997 1856 dediti,
2022 1767 2252 1866 pertineret,
2285 1793 2377 1868 pro-

482 1886 686 1988 mulgatum
713 1904 762 1955 ex
788 1878 1111 1954 senatusconsulta
1138 1887 1216 1970 est,
1245 1887 1287 1954 ut
1311 1878 1359 1954 de
1386 1876 1454 1970 iis,
1480 1878 1544 1976 qui
1569 1879 1617 1953 ob
1643 1878 1879 1956 iudicandum
1907 1881 2103 1980 pecuniam
2129 1882 2376 1982 accepissent,

484 2079 904 2098 W

520 2197 550 2252 sd
567 2195 667 2250 ordior.
704 2193 760 2248 Cic.
778 2195 805 2248 in
824 2193 918 2248 Pison.
936 2196 961 2250 5.
997 2193 1087 2248 Erat
1111 2210 1182 2248 non
1205 2193 1317 2248 solum
1342 2191 1399 2246 do·

520 2281 593 2319 mas
617 2280 691 2316 mea
715 2263 776 2316 sed
803 2271 914 2316 totam
938 2263 1110 2334 palatium
1134 2271 1274 2330 senatu,
1301 2264 1399 2332 equi·

439 2350 440 2353 ’
521 2337 612 2390 tibus
639 2333 820 2396 Romanis,
845 2334 996 2387 civitate
1024 2335 1114 2388 omui
1141 2333 1319 2386 reiectura.
1365 2331 1399 2386 os.

520 2403 575 2458 Cic.
605 2417 644 2454 or.
670 2400 748 2455 Catil.
775 2407 806 2466 1,
831 2405 863 2468 7,
890 2407 929 2458 15.
966 2402 1037 2458 Plia.
1058 2403 1106 2470 33,
1131 2401 1156 2456 8.
1192 2403 1260 2456 Sall.
1279 2403 1337 2456 (lat.
1357 2403 1399 2457 19.

518 2473 667 2542 Equites
695 2471 856 2538 Romani,
884 2473 942 2542 qui
970 2472 1147 2541 praesidii
1175 2489 1302 2526 caussa
1327 2487 1400 2524 cum

519 2543 606 2595 telis
629 2549 731 2592 erant
757 2541 888 2594 circuni
913 2539 1149 2596 Concordiae.
1187 2539 1260 2594 lolem
1280 2541 1401 2606 Caesari,

519 2610 667 2683 egredienti
685 2627 717 2662 es
736 2617 840 2675 serrata,
863 2611 889 2662 in
909 2627 961 2680 qao
980 2619 1075 2664 contra
1093 2627 1223 2670 eruamunr
1241 2610 1401 2680 supplicium

519 2683 719 2734 coniuratorum
743 2680 866 2744 dixerat,
895 2679 990 2749 gladiis
1014 2682 1126 2733 minitati
1148 2687 1217 2732 sant.
1260 2680 1327 2734 Sall.
1345 2680 1363 2732 1.
1382 2679 1400 2733 l.

483 2768 488 2776 ·
519 2749 592 2804 Plut.
613 2747 692 2802 Caes.
711 2750 736 2804 8.
773 2749 807 2802 cl.
826 2751 902 2820 Suet.
921 2749 999 2803 Caes.
1022 2751 1061 2806 lt.
1099 2749 1193 2802 Draus
1212 2750 1239 2814 3,
1256 2765 1284 2819 p.
1305 2751 1364 2804 171.

486 2871 522 2938 ⁸³)
542 2866 717 2936 Promulgata
735 2867 795 2937 lege
814 2868 901 2922 Clodii
927 2870 1030 2938 equites
1049 2867 1164 2922 aomar
1182 2883 1278 2922 omnes
1295 2874 1399 2923 vestem

1496 2201 1595 2246 creta
1621 2191 1793 2246 iecerunt.
1830 2193 1864 2247 ci.
1884 2195 1918 2248 de
1936 2191 2046 2266 harusp.
2067 2211 2139 2267 resp.
2158 2194 2179 2264 1,
2200 2197 2225 2262 l,
2245 2198 2268 2251 1.
2304 2197 2375 2264 25.

1494 2263 1582 2328 8,17.
1620 2262 1730 2320 Quam
1748 2264 1790 2316 ab
1808 2262 1874 2318 hoc
1892 2265 2016 2320 eodem
2037 2267 2278 2336 impurissimo
2296 2284 2376 2338 par·

1495 2331 1614 2387 ricide
1640 2348 1808 2404 rogarer,
1844 2335 1942 2386 caius
1970 2351 2085 2388 essem
2114 2337 2294 2404 civitatis,
2320 2355 2375 2392 re·

1495 2399 1640 2470 spondi,
1671 2417 1720 2455 me
1745 2402 1988 2472 probantibus
2014 2414 2047 2457 et
2075 2405 2182 2460 vobis
2212 2415 2245 2462 et
2276 2409 2376 2477 equl·

1496 2472 1591 2526 tibus
1621 2470 1786 2526 Romanis
1817 2473 1894 2526 eius
1922 2489 2021 2539 esse,
2057 2491 2145 2544 quac
2172 2493 2298 2532 carere
2327 2495 2377 2532 me

1495 2558 1561 2593 non
1587 2541 1779 2610 potuisset.
1817 2541 1849 2594 ci.
1875 2543 1902 2594 111
1921 2541 2013 2597 Pisoa.
2035 2543 2074 2596 lt.
2111 2562 2152 2613 pr.
2171 2547 2248 2600 Sext.
2274 2547 2307 2612 7,
2335 2547 2376 2600 17.

1494 2609 1582 2675 8,18.
1611 2610 1653 2674 11,
1671 2609 1713 2662 25.
1745 2611 1786 2673 11,
1805 2610 1847 2666 17.
1876 2611 1917 2677 15,
1936 2613 1978 2664 35.
2006 2612 2048 2664 lii.
2067 2613 2109 2666 38.
2137 2615 2181 2681 31,
2200 2616 2243 2672 68.
2270 2617 2314 2682 ta,
2333 2617 2394 2674 87..

1496 2677 1644 2736 Quomodo
1674 2681 1755 2732 etiarn
1787 2689 1849 2749 post
1880 2679 1994 2734 reditum
2023 2681 2162 2736 Ciceronis
2193 2702 2253 2737 cum
2281 2679 2379 2738 senatu

1495 2755 1592 2802 costra
1602 2747 1728 2802 Clodiam
1746 2751 1852 2819 equites
1870 2752 2069 2816 consenserint,
2087 2768 2165 2821 unp.
2178 2753 2315 2820 11101139,
2333 2754 2376 2808 tta.
2415 2771 2418 2777 ·

1462 2859 1498 2930 ⁸⁴)
1518 2858 1573 2914 Cic.
1596 2829 1633 2912 ad
1652 2841 1686 2922 Q.
1710 2859 1786 2914 fratr.
1802 2861 1838 2926 ·l,
1863 2861 1892 2927 l,
1917 2861 1949 2916 62
1978 2861 2115 2928 „Constat
2140 2865 2211 2918 enlm
2236 2867 2379 2936 provincie.

520 2943 705 3020 mutaverqnt,
734 2936 947 3022 Ciceronemque
972 2938 1064 3010 viginti
1089 2937 1260 3022 ieremlllia·
1275 2937 1400 2988 irrveaam

523 3013 662 3077 prosecuti
681 3016 750 3058 suat.
779 3005 934 3072 (PlutCac.
950 3007 992 3060 31.
1022 3008 1060 3060 od
1075 3009 1128 3078 pair
1146 3007 1402 3078 uttsrprreeam

520 3077 627 3149 πρῶτον
650 3075 700 3130 uir
725 3077 814 3146 ὀλίγον
838 3078 895 3132 deis
919 3079 1025 3148 uiperae
1048 3078 1076 3130 sd
1095 3078 1147 3132 sair
1169 3078 1284 3130 tantam
1300 3077 1401 3140 altior

481 3175 489 3190 ι
519 3146 695 3216 συμμετέβαλε
713 3146 758 3210 rijr
776 3147 879 3210 ἐσθῆτα,
898 3149 944 3200 καὶ
961 3149 1106 3220 desperatae
1123 3148 1171 3198 οὐκ
1189 3149 1308 3202 aarum
1333 3147 1400 3198 νέων
1432 3160 1435 3169 ’

519 3216 737 3286 παρηκολούθουν
754 3217 885 3284 κομῶντες
901 3218 946 3268 καὶ
965 3222 1173 3270 συνικετεύοντες.
1204 3213 1238 3265 cf.
1256 3229 1296 3282 pr.
1317 3211 1399 3266 domo

518 3281 570 3346 32,
590 3283 632 3335 aa.
668 3299 708 3350 pr.
728 3285 803 3336 Sext.
826 3285 865 3339 ll.
902 3284 937 3337 ad
958 3281 1239 3351 anteponerent,
1260 3281 1314 3349 13.)
1350 3283 1401 3336 Se·
1433 3280 1435 3289 '

519 3359 583 3406 natu
601 3357 692 3404 autern
715 3369 732 3404 a
750 3353 866 3404 Cablulo
887 3361 1040 3404 convocato
1064 3352 1168 3419 equites
1192 3351 1219 3403 ln
1239 3349 1400 3419 Capitolium

520 3429 705 3476 convenerunt
722 3439 754 3472 ac
773 3420 879 3491 legatos
897 3437 948 3489 pro
964 3419 1099 3474 Cicerone
1116 3420 1150 3472 ad
1169 3417 1303 3472 consules‘
1313 3428 1340 3472 et
1359 3437 1399 3473 se·
1432 3421 1435 3430 '

518 3489 1067 3624 'titt'a.tt¹¹.t.t!¹⁰:.ttttt.⁰tl:tt;
1091 3488 1399 3614 institistis

519 3627 601 3682 mado
625 3628 677 3684 laos
700 3629 774 3682 aditu
793 3630 884 3682 curiae
902 3627 1038 3698 probibuit
1057 3627 1201 3693 Gabinius,
1228 3627 1277 3680 sed
1295 3627 1328 3682 1..
1348 3629 1399 3682 Ae-

518 3697 581 3751 liuns
600 3699 679 3752 etlam
699 3698 838 3764 Lasnlern,
861 3697 993 3766 equestris
1011 3695 1114 3750 ordinis
1150 3698 1292 3767 riucipem‚
1316 3697 1399 3751 valne-

518 3767 634 3821 meatins
651 3770 810 3831 instantem,
830 3776 925 3836 postes
942 3767 1089 3837 relegavitz
1109 3715 1183 3833 (dic.
1197 3785 1242 3837 pr.
1261 3769 1337 3821 Sext.
1360 3769 1400 3832 13,

520 3839 564 3899 m,
582 3839 624 3893 33.
660 3855 687 3906 p.
707 3838 763 3890 real.
782 3838 883 3890 lnsea.
902 3840 928 3902 11,
949 3839 989 3891 11.
1025 3836 1061 3889 ad
1080 3835 1141 3888 tam.
1163 3838 1209 3898 ll,
1235 3837 1281 3900 16;
1307 3838 1335 3889 in
1355 3837 1399 3889 Pl·

520 3905 661 3974 11111117.)
696 3907 859 3960 Ηιιιιοιιεὶιιι
881 3914 908 3960 et
932 3904 1015 3959 Curio
1039 3906 1085 3957 vir
1110 3904 1229 3958 consulis
1252 3903 1399 3960 ’1111110111

520 3971 611 4040 diique
629 3975 655 4026 in
674 3975 805 4028 concione
820 3975 938 4028 furorem
955 3974 1112 4043 effugerant,
1131 3973 1161 4027 C.
1197 3974 1300 4028 lbieaus
1316 3975 1399 4027 vitarn

519 4042 622 4106 amisit,
650 4045 673 4096 a
711 4045 778 4094 irrisas
796 4053 884 4096 arrtem
903 4045 930 4096 in
949 4046 1081 4096 concione
1099 4060 1150 4111 neq
1204 4045 1258 4095 iam
1275 4052 1398 4098 senatum

520 4109 666 4181 quidquam
700 4127 715 4163 a
743 4111 882 4181 republica
904 4129 987 4182 posse
1011 4121 1038 4164 et
1063 4115 1165 4181 equites
1189 4113 1328 4166 Romanos
1352 4111 1398 4165 da·

520 4188 595 4234 turos
612 4182 683 4234 illius
709 4181 761 4235 diei
781 4197 887 4251 poenas
904 4180 1065 4246 alllrmevlt,
1093 4199 1161 4252 quo,
1186 4182 1319 4236 Cicerone
1335 4197 1398 4234 coa-

492 4265 494 4270 ·
520 4250 597 4328 sule,
622 4267 682 4304 oum
701 4251 797 4321 gladiis
819 4253 847 4304 la
865 4251 937 4305 clivo
1015 4251 1111 4305 itollno
1128 4251 1248 4306 iubeant.
1285 4251 1341 4308 Cle,
1359 4268 1399 4322 pr.

520 4323 597 4374 Sext.
619 4325 658 4386 17,
676 4323 719 4377 78.
755 4320 810 4374 llio
829 4323 880 4386 38,
906 4323 946 4376 16.
1022 4339 1088 4374 rana.
1107 4324 1140 4386 1,
1157 4324 1210 4378 ata
1237 4329 1265 4374 et
1292 4331 1400 4390 praeter

520 4390 606 4455 locos,
625 4405 694 4459 qaos
712 4389 755 4442 lrlc
772 4391 876 4456 attulit,
895 4389 1000 4444 Cieor.
1012 4399 1075 4460 post
1093 4391 1195 4445 nadad
1206 4391 1283 4449 Qua
1302 4394 1329 4455 a.
1350 4391 1398 4453 13,

522 4462 548 4524 7,
570 4461 607 4514 lii.
637 4469 699 4529 post
717 4459 811 4514 tedia
830 4463 923 4525 sent,
944 4461 991 4522 ta;
1014 4463 1053 4524 13,
1072 4462 1114 4517 33.
1142 4461 1330 4531 padomoil,
1349 4463 1399 4522 553

519 4531 564 4594 Ἡ,
583 4531 626 4585 53.
654 4529 744 4587 Qualia
763 4539 851 4584 autem
868 4529 1018 4599 Pompeiam
1036 4529 1070 4583 de
1090 4530 1247 4584 reverendo
1266 4530 1401 4584 Cicerone

520 4598 617 4664 tenet,
635 4599 725 4670 rogari
744 4600 872 4670 populum
890 4615 906 4651 a
924 4609 1037 4665 senatu,
1059 4599 1093 4652 ab
1113 4617 1127 4652 e
1148 4600 1244 4652 ultibus
1262 4599 1400 4664 Romanis,

520 4669 555 4722 ab
574 4669 651 4722 ltalia
668 4678 765 4722 cuncta
783 4669 857 4723 dista.
888 4667 938 4737 (ed
957 4670 1034 4727 Qotr.
1073 4617 1157 4724 ‚red
1176 4671 1202 4734 7,
1223 4669 1275 4734 lli.)
1306 4668 1339 4720 ei.
1358 4684 1398 4738 pr.

521 4737 725 4803 1111ποῖ871.
763 4739 948 4794 Proximus
973 4747 1027 4792 est
1052 4686 1225 4806 dignitati
1249 4745 1399 4790 senatus

521 4808 610 4861 ordo
638 4817 815 4876 equester.
852 4806 978 4864 Crnaes
1003 4807 1151 4860 omnium
1175 4805 1399 4875 publicorum

520 4879 723 4932 societates
747 4878 788 4932 de
812 4895 885 4934 meo
904 4875 1094 4930 consulatu
1120 4891 1159 4928 ae
1181 4873 1223 4928 de
1240 4877 1326 4930 meis
1343 4893 1398 4930 re·

522 4945 582 5001 bus
599 4947 714 5019 gestis
731 4947 950 5020 amplissimo
967 4953 1074 5012 atque
1094 4944 1324 4998 ornatissima
1342 4945 1398 4999 de·

1495 2931 1561 2982 Asis
1580 2959 1611 2970 -
1632 2961 1663 2970 -
1682 2961 1713 2971 -—
1735 2947 1768 2982 ex
1788 2949 1821 2983 eo
1840 2947 1941 3002 genere
1961 2933 2072 2996 civium,
2093 2934 2138 3001 qul
2156 2943 2218 3002 aut,
2237 2937 2311 3006 quod
2329 2953 2376 3006 pu·

1495 2999 1593 3054 blicani
1616 3008 1692 3064 sunt,
1720 3016 1771 3052 aas
1795 3017 1900 3056 sumana
1923 3003 2121 3056 necessitudine
2146 3005 2295 3075 attingunt,
2322 3015 2379 3071 aut,

1495 3068 1568 3136 aprod
1592 3068 1629 3122 lta
1654 3069 1842 3138 negotiantur,
1868 3077 1895 3122 at
1914 3071 2066 3140 locupletes
2085 3073 2153 3138 sint,
2178 3077 2263 3129 nostri
2282 3093 2379 3132 consu·
2479 3075 2482 3080 ’

1495 3136 1564 3190 latus
1577 3137 1713 3190 beneflcio
1726 3155 1756 3190 se
1773 3139 1922 3193 incolumes
1936 3139 2057 3194 fortunas
2070 3141 2171 3198 habere
2184 3147 2377 3200 arbitrantur“.

1494 3225 1536 3278 pr.
1561 3205 1655 3262 Plane.
1680 3207 1729 3272 35,
1756 3207 1800 3260 87.
1837 3208 1964 3273 „Aderat
1990 3227 2095 3266 mecum
2120 3223 2232 3268 canctus
2251 3224 2379 3284 equester

1495 3275 1575 3339 ordo,
1594 3292 1674 3346 quern
1693 3277 1800 3345 quidem
1818 3277 1843 3332 ia
1863 3279 2037 3334 concionibus
2056 3278 2171 3335 saltator
2189 3283 2236 3336 ille
2246 3284 2379 3340 Catilinae

1495 3343 1589 3399 consul
1608 3347 1816 3418 proscriptionis
1835 3347 2037 3404 denuntiatione
2056 3351 2205 3407 terrebat“.
2236 3363 2299 3424 post
2318 3353 2377 3408 red.

1494 3415 1521 3470 ia
1540 3433 1596 3470 sen.
1618 3415 1660 3481 13,
1679 3414 1721 3469 33.
1754 3417 1868 3482 „Quare
1886 3433 1966 3484 quum
1986 3419 2108 3474 riderem
2126 3431 2247 3476 senatum
2265 3422 2378 3475 ducibus

1495 3484 1630 3550 orbatum,
1649 3501 1692 3538 me
1707 3503 1724 3537 a
1741 3503 1783 3538 ara
1801 3487 1941 3540 istratlbus
1956 3489 2054 3556 partim
2069 3499 2260 3560 oppugnatum,
2278 3491 2378 3560 partim

1495 3555 1649 3624 proditum,
1673 3555 1771 3622 partim
1784 3505 1963 3620 derelictum,
1989 3574 2088 3609 servos
2105 3559 2276 3614 simulatione
2295 3559 2376 3614 colle·

1513 3625 1601 3678 'orum
1619 3621 1772 3678 nominatim
1792 3639 1853 3676 esse
1872 3625 2058 3693 conscriptos,
2081 3629 2174 3696 copias
2194 3647 2286 3686 omnes
2306 3629 2377 3684 Cati·

1494 3641 1566 3748 iiaae
1590 3709 1677 3762 paene
1704 3691 1799 3744 iisdem
1822 3692 1934 3746 ducibus
1958 3694 1995 3747 ad
2018 3712 2094 3766 spem
2119 3697 2210 3752 caedis
2235 3707 2261 3751 et
2287 3700 2377 3752 incen-

1496 3761 1601 3814 diorum
1621 3777 1684 3814 esse
1703 3771 1857 3827 revocasses,
1879 3764 1984 3832 equites
2002 3763 2141 3820 Bounenos
2160 3769 2377 3838 proscriptionis,

1495 3831 1638 3900 municipia
1652 3831 1796 3895 vastitatis,
1817 3847 1912 3886 omnes
1929 3834 2020 3888 caedis
2038 3843 2109 3888 metu
2127 3853 2189 3890 esse
2205 3843 2377 3906 permotos“,

1494 3907 1522 3953 et
1550 3917 1619 3968 quae
1638 3917 1695 3972 aeq.
1733 3901 1780 3956 Pr.
1799 3902 1882 3956 domo
1900 3902 1949 3967 al,
1973 3904 2022 3955 55:
2047 3904 2144 3967 „Quid
2164 3923 2243 3976 qaum
2263 3907 2377 3960 Gabinio

1493 3970 1576 4040 Syria
1594 3969 1718 4036 dabatur,
1743 3969 1908 4024 Macedonio
1931 3971 2045 4036 Pisoni,
2071 4004 2101 4016 -
2124 4006 2153 4016 -
2175 3984 2203 4030 at
2222 3976 2268 4028 abt
2287 3977 2379 4030 ornata
2476 4011 2479 4016 ,

1494 4041 1696 4108 perrnitterent,
1715 4048 1742 4092 te
1760 4040 1936 4106 adiuvarent,
1956 4071 1986 4082 -
2010 4071 2040 4080 -
2059 4053 2172 4094 scamus
2186 4044 2378 4098 arietaritatera

1494 4109 1648 4172 irriderent,
1668 4108 1801 4176 equitibus
1820 4107 1950 4164 Romanis
1967 4117 2082 4166 mortem
2097 4113 2378 4196 proscriptionemque

1494 4177 1680 4232 adniterentur
1700 4205 1729 4216 -
1750 4192 1784 4228 ne
1802 4185 1857 4228 tam
1878 4179 1985 4245 quidem
2004 4180 2045 4231 vis
2064 4182 2167 4233 eratl“
2204 4182 2238 4235 rb.
2258 4183 2309 4248 36,
2328 4183 2377 4236 aa:

1495 4245 1606 4312 „Qumn
1626 4246 1743 4299 ananiam
1761 4245 1928 4312 perditorum
1939 4256 1966 4299 et
1983 4249 2184 4303 torriuratoruar
2201 4252 2377 4318 incaeteris,

1493 4316 1563 4368 dirce
1582 4314 1688 4367 tribuno
1708 4313 1812 4382 plebis,
1839 4315 1994 4371 consulibus
2013 4320 2186 4386 auctoribus,
2213 4321 2317 4375 afflicto
2335 4339 2378 4375 se-

1494 4391 1574 4446 nata,
1599 4383 1752 4451 perterritis
1778 4385 1911 4453 equitibus
1935 4385 2065 4442 Romanis
2092 4421 2121 4430 -
2151 4420 2181 4430 -
2205 4407 2259 4444 non
2278 4398 2331 4444 tam
2350 4392 2377 4446 ln

1494 4469 1537 4506 rue
1555 4453 1682 4522 impetam
1702 4452 1814 4522 iaceret,
1832 4455 1882 4508 sed
1897 4472 2003 4525 perure
2019 4459 2045 4512 lo
2062 4475 2158 4512 omnes
2174 4459 2289 4514 bonos.“
2316 4461 2376 4515 rell.

1491 4522 1528 4575 ad
1547 4521 1601 4575 dtt.
1622 4521 1646 4589 l,
1667 4521 1709 4589 m,
1728 4525 1752 4576 t.

1458 4627 1498 4696 ss)
1515 4624 1572 4682 (310,
1590 4643 1631 4697 pr,
1651 4625 1762 4682 Rabirio
1781 4628 1805 4682 7.
1842 4627 1876 4683 ci.
1895 4647 1917 4686 c.
1936 4629 1962 4684 9.

1459 4739 1497 4807 ⁸⁰)
1518 4735 1574 4791 Cic.
1593 4737 1664 4792 Phil.
1682 4737 1709 4804 3,
1728 4739 1778 4792 371
1799 4739 1888 4806 „Quis
1907 4741 1976 4794 enlm
1995 4741 2117 4808 cuiquam
2137 4741 2277 4808 inimicior,
2298 4759 2377 4813 quam

1494 4805 1627 4862 Deiotaro
1647 4807 1768 4876 Caesari
1791 4827 1878 4878 aeque
1896 4819 1977 4878 atque
1995 4809 2057 4862 huic
2076 4810 2179 4877 ordini,
2202 4821 2230 4864 ut
2249 4809 2376 4879 equestri,

1495 4884 1523 4928 ut
1542 4875 1773 4944 Massiliensibus,
1800 4887 1827 4931 ut
1846 4877 1986 4943 omnibus,
2006 4880 2101 4948 quibus
2119 4879 2310 4951 rempublicam
2329 4896 2375 4949 po·

1494 4944 1550 5021 pali
1568 4945 1683 5000 Romani
1702 4963 1793 5000 ceram
1812 4962 1873 5000 esse
1891 4948 2026 5001 sentiebat
2035 4953 2062 5002 “.
