5254 6186
222 2233 332 2429 Qui
358 2334 405 2410 de
433 2333 625 2434 equitibus
645 2331 824 2408 Romanis
850 2330 1042 2432 copiosius
1068 2327 1338 2418 disseruerunt,
1363 2325 1573 2424 Eybenius,
1599 2320 1706 2425 cujus
1733 2321 1947 2401 dissertatio
1967 2327 2109 2407 inserta

221 2461 281 2530 est
306 2450 474 2530 thesauri
500 2449 773 2549 Sallengeriani
798 2451 881 2524 Vol.
907 2450 938 2522 Ι.
965 2457 1005 2522 et
1029 2447 1256 2536 Mublertus,
1289 2440 1395 2542 cujus
1420 2444 1571 2519 libellus
1598 2443 1740 2540 aliquot
1765 2452 1850 2516 ante
1877 2465 1993 2519 annos
2018 2447 2108 2523 Hil-

221 2565 349 2642 desiae
387 2566 546 2667 prodiit,
586 2591 716 2640 eorum
755 2567 851 2640 aller
888 2587 938 2637 ex
973 2561 1152 2636 analectis
1186 2561 1397 2661 patrissui
1429 2559 1512 2634 lcti
1545 2561 1730 2658 quondam
1763 2557 1956 2658 Spirensis
1991 2564 2110 2639 multa

220 2682 370 2780 quidem
394 2707 471 2758 non
496 2682 646 2758 indocte
674 2683 831 2756 collecte
855 2677 1032 2782 protulit,
1071 2678 1140 2752 sed
1174 2701 1221 2750 ea
1253 2702 1373 2776 neque
1407 2676 1558 2770 ordine,
1596 2700 1669 2773 quo
1704 2678 1879 2766 decebat,
1918 2675 2110 2776 disposita,

219 2823 341 2896 neque
375 2799 443 2891 iis,
483 2822 578 2898 quae
611 2799 787 2890 deerant,
826 2807 952 2888 aucta3
992 2796 1088 2870 alter
1120 2817 1243 2892 nequa
1277 2801 1451 2892 quautam
1482 2819 1563 2868 rem
1602 2795 1871 2892 aggrederetur
1908 2793 2109 2890 divinasse,

218 2939 342 3014 neque
374 2912 553 3015 temporis
588 2937 799 3016 operaeque
835 2912 925 2994 satis
959 2909 1190 3012 impendisse
1223 2919 1298 2984 tam
1330 2909 1529 3011 multiplici
1567 2908 1776 3008 quaestioni
1814 2910 2001 3008 putandus
2016 2921 2021 2928 '
2039 2924 2109 2989 est.

218 3031 335 3124 Mihi,
374 3055 582 3130 quanquam
619 3055 696 3106 uon
736 3029 888 3128 ignoro,
929 3027 1018 3130 quid
1059 3029 1130 3102 hac
1171 3023 1408 3125 quaestione,
1452 3051 1546 3127 quae
1586 3023 1784 3126 conjuncta
1816 3035 1876 3100 est
1916 3051 2000 3102 cum
2025 3030 2130 3104 uni-s

219 3171 333 3224 versa
362 3147 591 3249 reipublicae
622 3145 818 3223 Romanae
847 3144 1025 3237 historia,
1064 3142 1306 3220 efficiendum
1339 3143 1473 3235 fuerit,
1512 3155 1637 3220 tamen
1670 3167 1716 3216 ea
1748 3141 1945 3241 quominus
1980 3145 2110 3221 effice-

220 3289 313 3357 rem,
341 3276 494 3366 praeter
517 3265 575 3342 rei
602 3264 863 3340 difficultatem
890 3261 1080 3337 confilium
1106 3257 1253 3361 quoque
1279 3257 1391 3359 bujus
1417 3258 1536 3334 libelli
1562 3257 1720 3333 obstitit.
1780 3259 1878 3331 Sunt
1910 3260 2010 3336 enim
2041 3262 2110 3336 ali-

221 3391 312 3480 quot
345 3382 452 3474 auni,
492 3407 541 3458 ex
575 3405 649 3480 quo
683 3381 732 3454 de
766 3382 879 3454 rebus
904 3379 1085 3480 Augarsti,
1126 3403 1220 3477 quae
1256 3387 1392 3476 quanta
1420 3374 1496 3450 sint
1521 3372 1749 3450 obscuritate
1774 3373 1962 3450 involutae
1989 3376 2110 3452 doctis

219 3511 349 3586 uotum
375 3508 446 3590 est,
473 3495 730 3596 quaestionem
756 3494 949 3595 suscipere
981 3494 1102 3595 coepi,
1128 3494 1167 3570 iu
1193 3519 1276 3593 qua,
1302 3515 1415 3591 quum
1443 3491 1612 3591 singulae
1638 3501 1765 3591 partes
1791 3515 1861 3592 per
1884 3515 1926 3564 se
1947 3503 2110 3570 mactan-

221 3617 291 3690 dae
326 3641 370 3691 ac
404 3639 519 3714 saepe
552 3614 600 3688 ad
633 3609 762 3712 priora
793 3620 965 3712 tempora
990 3612 1223 3686 redeundum
1250 3609 1462 3700 videretur,
1497 3617 1578 3680 orta
1610 3617 1699 3682 sunt
1734 3607 1883 3695 πάρεργα
1918 3611 2111 3704 quaedam,

220 3730 322 3807 inter
346 3755 441 3830 quae
467 3732 560 3806 haec
583 3741 645 3804 est
673 3732 722 3806 de
749 3727 934 3828 equitibus
965 3726 1143 3802 Romame
1172 3724 1387 3828 disputatio.
1438 3725 1483 3798 In
1514 3747 1596 3823 qua,
1629 3723 1783 3822 siquae
1810 3721 1975 3816 breuius,
2002 3749 2112 3824 quam
2185 3751 2189 3762 ·

220 3874 291 3946 par
316 3861 387 3941 est,
412 3857 570 3924 tractata
596 3845 781 3937 invenies,
809 3869 938 3920 eorum
964 3855 1112 3944 partem
1137 3855 1176 3919 et
1201 3839 1259 3919 rei
1284 3839 1495 3916 difficultati
1524 3850 1562 3913 et
1588 3840 1724 3914 virium
1750 3863 1916 3914 mearum
1942 3839 2111 3918 imbecil-'

222 3962 319 4037 litati
344 3963 520 4057 tribuito,
554 3963 732 4038 nonnulla
759 3960 915 4038 consilio
943 3969 1007 4034 aut
1032 3963 1145 4062 plane
1172 3957 1471 4074 prqetermisisse
1499 3966 1563 4031 aut
1588 3954 1652 4030 alii
1677 3955 1888 4054 quaestioni
1913 3957 2112 4057 reliquisse

220 4105 283 4154 me
307 4065 508 4155 memento.
567 4078 698 4153 Veluti
731 4101 863 4176 regum
889 4075 1143 4151 Romanorum
1177 4075 1390 4167 historiam,
1425 4095 1536 4171 quam
1568 4072 1635 4146 vix
1670 4071 1814 4174 magnis
1835 4069 1917 4172 jem
1941 4073 2112 4172 viderem

223 4196 477 4272 voluminibus
511 4193 715 4286 contineri,
755 4220 865 4293 quam
899 4193 1123 4270 brevissime
1149 4189 1235 4266 fieri
1260 4190 1402 4294 potuit,
1430 4186 1556 4288 attigi,
1582 4187 1623 4264 in
1648 4190 1786 4264 ceteris
1811 4191 1958 4290 quoque
1985 4189 2113 4290 conje-

222 4312 338 4388 cturis
366 4309 599 4412 conjecturas
625 4311 803 4388 refellere
830 4310 1042 4412 supersedi.
1081 4309 1117 4384 N
1119 4309 1289 4385 onnmlas
1316 4303 1568 4406 quaestiones,
1594 4305 1805 4380 seculorum
1832 4297 2022 4381 erroribus
2042 4308 2113 4383 im-

221 4429 398 4530 plicatas,
432 4425 492 4502 his
531 4427 625 4528 ipsis
652 4431 793 4504 solutas
821 4426 1053 4528 temporibus
1080 4425 1226 4526 reperi,
1261 4423 1302 4500 in
1327 4421 1516 4498 nonnullis
1542 4423 1667 4496 rebus·
1681 4420 1887 4501 tritissimis
1915 4424 2115 4499 commixta

224 4571 309 4624 cum
335 4544 437 4622 reris
463 4535 560 4620 falsa
582 4543 826 4642 deprehendi.
878 4543 974 4619 Tam
999 4544 1168 4621 breviter
1192 4543 1239 4617 de
1259 4539 1346 4634 illis,
1373 4563 1483 4638 quam
1500 4538 1688 4636 explicate
1712 4538 1760 4613 de
1775 4540 1835 4614 his
1852 4563 2114 4639 nonnunquam

223 4661 422 4738 dicendum
446 4669 550 4736 ratus
577 4667 672 4751 sum,
697 4659 737 4736 in
755 4683 836 4759 ¹quo
863 4660 974 4738 doleo
1000 4686 1060 4736 me
1087 4658 1252 4735 caruisse
1278 4653 1444 4757 Zumptii
1470 4653 1747 4748 dissertatione,
1771 4681 1879 4756 quae,
1904 4655 1945 4732 in
1970 4657 2115 4732 Acade·
2208 4699 2209 4702 π
2337 4737 2342 4750 ὁ

224 4777 299 4852 mia
322 4777 429 4876 regia
452 4775 695 4874 Beroliueusi
718 4803 841 4878 nuper
866 4779 975 4872 lecta,
1002 4777 1132 4867 lucem,
1156 4775 1259 4875 quod
1285 4773 1410 4866 sciam,
1436 4795 1511 4848 non
1537 4768 1644 4848 vidit.

1592 5071 1600 5082 “
1650 5063 1666 5125 1
