5254 6186
519 805 698 894 separare
725 816 747 865 a
772 787 910 866 ceteris
936 788 1072 890 coepit.
1123 788 1230 880 Inde,
1257 787 1321 886 qui
1346 785 1557 876 Praetorio,
1583 778 2194 886 eonsulaa,·Senatorio'geae1-a'
2221 786 2294 863 orti
2315 796 2418 880 sunt,

519 935 608 1002 non,
635 907 734 1008 quod
760 919 877 1000 erant,
905 905 1062 1005 equites,
1090 906 1156 980 sed
1185 907 1443 981 adolescentes
1470 901 1618 978 nobiles
1645 904 1893 1002 appellantur,
1911 903 1961 1002 ⁴⁴)
1987 903 2103 978 iatum
2129 906 2295 997 clavum,
2322 902 2418 1002 „qui

521 1025 719 1127 distinguit
745 1029 790 1100 ab
817 1025 943 1123 equite
970 1023 1110 1098 curiam
1120 1030 1156 1114 “‚
1174 1021 1223 1122 ⁴⁵)
1250 1022 1428 1112 induunt,
1447 1019 1495 1119 4θ)
1529 1020 1590 1094 bis
1617 1021 1775 1120 aliisque
1802 1029 1933 1118 aperte
1960 1018 2234 1118 significantes,
2260 1045 2303 1095 se
2330 1043 2418 1118 per-

437 1213 441 1222 .
519 1143 642 1218 tinere
668 1144 715 1218 ad
742 1142 912 1218 ordinem
938 1140 1177 1216 senatorium.
1217 1140 1430 1226 Postremo,
1458 1161 1570 1234 quum
1587 1137 1780 1238 Augustus
1807 1135 1937 1210 liberis
1964 1145 2190 1229 senatorum,
2216 1161 2290 1235 quo
2316 1136 2417 1212 cele-

520 1259 599 1334 rius
624 1259 856 1359 reipublicae
881 1260 1159 1348 adsuescerent,
1186 1255 1357 1355 protinus
1384 1253 1533 1329 virilem
1558 1262 1704 1352 togam,
1731 1256 1847 1330 lotum
1872 1253 2019 1327 clevum
2044 1250 2201 1329 induere
2228 1265 2268 1329 et
2293 1252 2420 1328 curiae

421 1421 424 1426 ·
521 1376 707 1451 interesse
733 1376 988 1475 permisisset,
1009 1375 1057 1474 Η)
1097 1373 1211 1448 etiam
1236 1373 1322 1469 lege
1348 1370 1406 1462 id,
1442 1372 1541 1469 quod
1567 1393 1639 1444 usu
1664 1368 1894 1460 invaluerat,
1928 1376 2098 1443 sanctum
2129 1369 2292 1468 novique
2325 1393 2420 1446 non-

521 1491 615 1568 nihil
648 1491 840 1592 privilegii
871 1493 1049 1568 additum.
1101 1489 1180 1564 Sub
1214 1485 1505 1588 imperatoribus
1539 1485 1640 1561 enim
1674 1495 1888 1562 senatorum
1922 1484 2032 1560 liberi
2066 1496 2105 1562 et
2138 1495 2307 1561 senatum
2342 1488 2420 1561 fre·

397 1599 403 1607 “
522 1610 750 1707 quentabant
776 1618 815 1682 et
839 1609 955 1683 latum
982 1608 1128 1682 clavum
1155 1607 1342 1680 habebant
1367 1613 1407 1679 et
1432 1607 1478 1678 ab
1505 1601 1692 1703 equitibus
1714 1602 1827 1678 etiam
1846 1601 1997 1679 nomine
2021 1600 2420 1704 destingnebantnr.⁴⁸)

521 1724 581 1800 De
608 1747 681 1822 quo
707 1748 777 1800 suo
803 1725 886 1800 loco
912 1723 1059 1799 dicetur
1084 1720 1255 1822 emplius.
1885 1756 1890 1764 ¹

1323 2103 1479 2205 (lap.
1527 2103 1611 2188 11.
1661 2219 1664 2237 ,

938 2257 1272 2348 Controversiae
1303 2259 1356 2342 de
1386 2259 1553 2342 iudiciis
1582 2257 1800 2367 usquead
1830 2255 2003 2342 Sullam.

524 2446 557 2521 1.
585 2427 707 2532 Haec
739 2447 867 2547 paullo
902 2411 1014 2522 altius
1047 2443 1256 2545 repetenda
1279 2443 1523 2534 videbantur,
1558 2466 1671 2539 quum
1697 2451 1736 2518 et
1770 2441 2032 2517 deficientibus
2060 2439 2322 2518 historicorum
2355 2449 2415 2516 te-

521 2562 707 2638 stimoniis
741 2587 791 2636 ex
825 2573 964 2638 ererrtu
998 2587 1146 2651 rerum,
1181 2560 1301 2657 qualis
1326 2585 1389 2634 res
1421 2559 1528 2659 ipsae
1555 2559 1714 2652 fuerint,
1749 2558 2021 2634 coniiciendum
2048 2559 2123 2652 sit‚·
2144 2569 2183 2635 et
2215 2561 2263 2634 ad
2295 2558 2415 2633 bisto-

518 2678 612 2753 riam
638 2678 823 2754 beilornm
850 2677 1017 2754 civilium
1043 2688 1145 2752 recte
1171 2675 1472 2776 intelligendam,
1501 2675 1630 2774 quales
1657 2699 1824 2772 quaeque
1851 2675 2080 2776 reipublicae
2108 2685 2235 2777 partes
2262 2674 2414 2768 luerint,

519 2795 637 2893 probe
671 2794 721 2868 sit
746 2796 960 2870 tenendum.
1011 2793 1153 2869 Dicunt
1178 2817 1224 2866 eo
1251 2801 1440 2892 tempore,
1475 2814 1588 2887 quum
1613 2789 1791 2865 Tiberius
1819 2789 2013 2866 Gracchus
2046 2790 2267 2866 interfectus
2302 2801 2415 2885 esset,

521 2909 736 3008 Scipionem
762 2909 1003 3010 inflispania
1024 2909 1255 2983 Celtiberum
1280 2907 1475 3007 quendam,
1503 2905 1679 2980 'Piresum
1705 2905 1867 2997 nomine,
1893 2905 2158 3006 interrogasse,
2186 2906 2320 3006 quibus
2344 2933 2415 3011 po·

521 3023 707 3099 tissimum
737 3025 879 3101 caussis
906 3026 1046 3101 factum
1075 3049 1159 3100 esse
1185 3033 1354 3125 putaret,
1389 3034 1432 3098 ut
1456 3032 1495 3096 et
1518 3022 1661 3098 tamdiu
1686 3022 1883 3099 resisteret
1907 3020 2126 3115 Numantia,
2161 3034 2200 3098 et
2224 3035 2415 3127 postremo

520 3295 555 3360 ⁴⁴)
576 3289 632 3344 Cic.
650 3289 770 3362 Philipp.
790 3295 820 3353 2,
839 3295 864 3347 7.
901 3291 984 3350 ants
1008 3291 1095 3344 enirn
1121 3306 1226 3361 eques
1248 3287 1437 3356 Romanus,
1530 3295 1644 3355 retur,
1675 3295 1708 3342 et
1735 3283 1872 3356 quidem
1899 3287 2060 3344 fluxiore
2090 3290 2263 3345 cinctura.
2310 3289 2412 3348 Unde

555 3361 650 3426 quis,
668 3371 812 3428 praeter
830 3369 873 3423 te,
891 3361 1110 3414 adolescens
1128 3357 1274 3424 nobilis,
1293 3360 1368 3427 quis
1387 3359 1461 3414 ui·,
1530 3375 1716 3414 emanasse
1733 3357 1857 3412 Sullae
1876 3358 2021 3424 dictum,
2046 3360 2240 3429 optimates
2264 3364 2411 3432 saepius

555 3427 623 3481 lius
653 3429 804 3492 ordinis,
841 3428 898 3496 qui
930 3445 967 3481 se
998 3429 1105 3482 civem
1141 3427 1370 3492 meminisset,
1405 3428 1436 3480 iu
1530 3427 2409 3498 admonentis,utmoleproecincttrmpuerumca·

534 3496 658 3550 'Gilva
677 3495 1070 3567 Capitolinononiuiti
1096 3505 1159 3566 post
1177 3496 1435 3561 rediuSen.5‚li.
1529 3505 1662 3551 serent.
1699 3495 1917 3554 laocoontis.
1954 3497 2269 3552 Sumentivirilem
2293 3507 2410 3569 togam

554 3566 812 3620 adolescentes
837 3565 1054 3620 nobilissimi
1078 3567 1306 3636 cunctique'e
1340 3568 1436 3620 uites
1529 3567 1649 3620 tunica
1673 3566 1737 3620 lati
1763 3566 1876 3632 clavi,
1902 3574 2025 3620 resuta
2050 3584 2091 3621 ex
2118 3575 2262 3638 utraque
2288 3577 2411 3637 parte,

454 3653 459 3662 ·
553 3634 707 3690 Romani.
735 3633 839 3690 Caesar
857 3633 1029 3701 B.c.1,aa.
1050 3636 1198 3700 Caesar,
1218 3636 1274 3689 ubi
1294 3585 1435 3700 liiuxit,
1528 3635 1570 3688 ad
1596 3633 1706 3706 pedes
1725 3633 1866 3688 decidit.
1904 3633 2021 3690 Ovidius
2046 3639 2125 3690 etiam
2145 3637 2229 3692 tribus
2248 3644 2410 3706 quattuorve

554 3722 672 3759 omnes
690 3714 884 3758 senatores
902 3714 1176 3773 senatorumque
1193 3705 1346 3770 liberos,
1371 3706 1434 3758 tri·
1528 3705 1606 3760 aunis
1631 3712 1695 3772 post
1719 3719 1834 3773 pugnarn
1854 3706 2011 3769 Actiacam,
2037 3705 2055 3758 i.
2073 3723 2096 3760 e.
2115 3715 2178 3760 aute
2202 3707 2277 3776 leges
2296 3707 2409 3776 bumasti

554 3773 663 3828 bunos
682 3774 825 3828 militum
844 3775 1047 3841 equitesque
1061 3773 1229 3826 Romanos
1246 3775 1286 3828 ad
1304 3793 1339 3829 se
1357 3790 1433 3843 pro·
1527 3775 1569 3895 qi.
1589 3781 1636 3824 not
1663 3775 1711 3840 li)
1730 3789 1790 3826 cunr
1809 3781 1873 3897 ιοᾶξι
1891 3774 1960 3828 virili
1978 3773 2060 3842 latum
2080 3774 2186 3829 ciarum
2204 3776 2324 3845 sumpsit.
2352 3773 2407 3829 0v.

553 3845 632 3896 darei
650 3843 754 3896 iubet
790 3843 902 3898 Erant
919 3843 1093 3900 senatorii
1112 3843 1248 3896 ordinis
1268 3845 1299 3898 la.
1320 3843 1433 3906 Domi-
1552 3847 1609 3907 ni,
1630 3843 1671 3906 10,
1689 3843 1802 3897 35-—su
1870 3842 2002 3898 niereuda
2020 3851 2062 3898 est
2080 3844 2134 3898 alia
2150 3843 2316 3916 iexAugusti
2335 3842 2408 3914 apud

555 3914 640 3976 tius,
659 3911 692 3966 P.
713 3911 887 3965 Lentulus
906 3911 1095 3982 Spinther,
1117 3911 1148 3965 L.
1167 3911 1348 3966 Vibullius
1367 3913 1433 3966 Ru·
1526 3911 1608 3965 Dion.
1627 3914 1670 3976 iu,
1691 3913 1731 3967 16.
1759 3911 1805 3978 sris
1822 3917 1922 3980 lodice
1939 3915 1985 3982 ιὴν
2003 3913 2119 3988 ἁλουργῆ
2134 3915 2236 3983 μηδένα
2255 3913 2341 3980 ἄλλον,
2359 3917 2407 3977 ἔξω

554 3981 626 4045 ius,
652 3983 681 4036 S.
708 3980 929 4039 Quinctilius
948 3981 1075 4046 Verus,
1102 3989 1289 4050 quaestor,
1316 3981 1348 4034 L.
1366 3981 1433 4036 uu·
1527 3981 1846 4049 ιὼνβονλενιῶντῶνιι
1865 3987 1894 4037 ir
1912 3987 1969 4041 ταῖς
1988 3981 2179 4054 dolcissimo
2197 3985 2405 4038 castanaeus·-

553 4051 664 4104 brius:
689 4058 881 4121 praeterea
899 4049 1002 4104 iliius
1022 4051 1170 4105 Domitii
1188 4051 1321 4118 aliique
1340 4066 1432 4103 corn-
1526 4053 1621 4106 λινσιν.
1657 4051 1706 4116 ἤδη
1730 4055 1783 4121 γάρ
1808 4070 1874 4110 τινες
1902 4055 1947 4108 sai
1970 4053 2021 4106 τῶν
2044 4055 2175 4120 τυχόντων
2197 4055 2260 4124 adsi
2285 4055 2407 4123 lenisse.

552 4120 671 4190 plures
707 4119 965 4172 adolescentes
1001 4129 1038 4172 et
1073 4136 1125 4172 ma
1161 4136 1228 4174 nus
1264 4136 1432 4173 uumerus
1526 4070 2407 4190 stantemleconchyliatisvestibusiegemiamcaesardedesa

528 4190 706 4260 equitum
723 4189 966 4242 Romanorum.
1004 4138 1217 4255 caessaris,
1242 4191 1286 4244 51.
1320 4188 1432 4242 Erant
1527 4189 1652 4243 Ceterum
1671 4188 1705 4242 de
1723 4189 1865 4244 laticlaviis
1884 4209 1910 4246 v.
1929 4189 2082 4259 illast.
2101 4191 2127 4246 3.

552 4259 752 4329 complores
771 4257 916 4312 honesti
933 4258 1202 4323 adolescentes,
1228 4268 1432 4313 senatorum
1492 4261 1518 4294 ⁴¹
1548 4259 1623 4312 Suet.
1644 4256 1707 4313 Oct.
1726 4260 1769 4314 38.

553 4328 624 4384 iiiii
647 4337 680 4381 et
699 4327 1044 4397 ordinlsequestris.
1082 4325 1122 4380 ci.
1142 4327 1177 4381 ib.
1196 4329 1229 4393 3,
1253 4329 1296 4384 71.
1320 4327 1363 4384 83.
1388 4326 1431 4382 97.
1493 4330 1517 4368 ⁴⁸
1544 4326 1699 4391 triesas.
1726 4325 2407 4402 Apatourosnatuqsmasotorsataasnutoa

552 4397 594 4451 Gi.
613 4397 669 4450 Cic.
687 4414 713 4466 p.
733 4395 828 4449 Plane.
847 4397 872 4449 d.
910 4397 972 4450 liic
991 4395 1128 4450 iomilio
1151 4395 1340 4451 consulari
1363 4405 1431 4462 est,
1525 4399 1577 4451 coir
1595 4415 1621 4450 re
1639 4400 1666 4453 lc
1682 4397 1727 4462 ιιὶν
1743 4400 1848 4452 tundalo
1865 4398 1981 4468 ἀκριβῶς
2002 4400 2143 4452 τελούντων
2153 4400 2198 4450 καὶ
2217 4401 2268 4450 sair
2285 4397 2405 4464 scipion-

552 4465 615 4520 ilie
633 4466 825 4588 praetoria,
851 4467 1015 4534 reliquos
1034 4464 1140 4518 video
1159 4481 1239 4519 ease
1263 4482 1303 4518 ex
1327 4483 1432 4536 eque·
1525 4463 1639 4522 umet
1656 4469 1749 4536 γένους
1766 4469 1851 4522 ὄντων
1868 4467 1978 4537 ἠνέχθη,
2002 4483 2082 4536 quem
2101 4467 2188 4520 locum
2207 4464 2331 4518 Sturnius
2349 4481 2405 4520 ιιοιι

552 4536 615 4589 stri
651 4551 722 4588 oco.
753 4528 1432 4590 Suutomuessinemacula-sedsdr·
1525 4533 1666 4588 intellexit.
1702 4535 1806 4602 idas,
1835 4538 1874 4593 1³.
1910 4538 2071 4608 σνχνοῐιῶν
2094 4538 2238 4588 verrimes
2259 4536 2289 4586 ts
2314 4535 2406 4590 assari

550 4605 628 4660 veri
646 4619 794 4658 necesse
812 4605 1031 4677 estgradus,
1049 4604 1357 4658 cedatconsulari
1375 4621 1431 4675 ge·
1527 4606 1692 4675 βιινλινιικοῦ
1714 4610 1808 4676 ytroos
1830 4607 1875 4660 sat
1903 4610 1954 4662 τῶν
1978 4605 2062 4659 ἄλλων
2086 4605 2193 4654 ἱππέων.
2228 4601 2265 4653 ld.
2285 4601 2334 4667 59,
2359 4607 2403 4660 96.

551 4676 626 4728 neri
652 4674 889 4745 praetorium,
917 4692 980 4728 nec
1005 4672 1203 4727 contendat
1231 4689 1304 4726 cunr
1331 4690 1431 4744 prse-
1527 4677 1553 4727 ot
1571 4677 1659 4732 tunsis
1677 4678 1721 4729 sol
1740 4677 1827 4732 τέλους
1844 4680 1871 4729 ot
1887 4695 1913 4730 ss
1932 4677 2044 4746 εὐγενεῖς
2060 4671 2160 4728 παῖδες.
2184 4669 2360 4738 Heracliani,
2378 4675 2404 4740 2,

551 4743 1115 4811 torisnomineequesteriocus.
1153 4739 1249 4798 ciii.
1527 4743 1593 4814 §.d
1630 4734 2313 4830 soimirrassoi'sdyporossiysrr'csorossaturis
2329 4747 2402 4814 toy·

516 4815 554 4952 iii
572 4810 802 4937 gddffieffiii
813 4813 949 4934 6iitiam
968 4880 1066 4934 cuitu
1084 4847 1282 4934 notabilem
1301 4879 1430 4934 ierunt.
1525 4815 1889 4948 iimiixiiffiiieifaiiiid
1906 4807 2295 4946 effiququiqqsdiqnqq‚aqg
2309 4816 2404 4948 (itibus

550 4951 655 5006 Usum
673 4951 853 5006 enimiato
872 4949 994 5014 clavo,
1023 4949 1065 5003 ad
1084 4965 1202 5003 monus
1230 4947 1431 5014 fimbriato,
1526 4967 1553 5004 v.
1572 4949 1650 5004 inira
1678 4949 1719 5004 Gi.
1740 4949 1802 5002 Dio.
1822 4950 1924 5013 56,st
1955 4949 1999 5009 rt,
2016 4949 2041 4998 5.
2068 4949 2154 5010 59,st
2183 4952 2286 5014 iani.
2313 4952 2358 5016 61,
2376 4949 2402 5003 e.

548 5037 611 5074 nec
630 5029 664 5075 ut
684 5037 829 5089 unquam
846 5018 965 5085 eilter,
984 5035 1082 5089 qnam
1100 5032 1205 5090 super
1223 5035 1294 5072 eum
1313 5020 1430 5088 cinge·
1526 5019 1571 5083 to,
1591 5021 1632 5074 il.
1660 5019 1736 5074 Suet
1747 5018 1804 5073 Tib.
1818 5018 1853 5073 ³5
1871 5017 2043 5070 iuventus
2061 5018 2243 5087 utriusque
2260 5018 2404 5076 ordinis.
