5254 6186
2059 559 2135 652 δῦ

241 817 317 898 set,
332 805 382 908 45)
409 803 652 907 plebemque,
685 815 727 880 ut
752 803 912 898 Caesar,
937 803 1103 880 molliter
1128 803 1302 895 baberet,
1317 802 1365 902 il)
1395 827 1485 903 erga
1511 809 1707 878 senatores
1733 803 1952 902 equitesque
1976 825 2134 904 prorsus

240 923 311 998 alia
338 936 449 1022 atque
474 921 540 997 ille
566 923 709 998 ratione
737 931 916 998 uteretur.
969 923 1109 998 Caesar
1134 919 1253 1011 enim,
1279 944 1391 1018 quum
1418 920 1492 996 iam
1519 929 1604 994 ante
1632 945 1717 994 eum
1744 919 1807 995 din
1833 920 2047 996 intermissa
2073 945 2135 995 se-

238 1052 348 1116 natus
375 1039 535 1116 lectione
561 1039 667 1114 multi
695 1047 734 1114 et
759 1037 926 1114 libertini
952 1047 991 1113 et
1015 1037 1160 1138 indigni
1188 1037 1360 1112 bomines
1387 1037 1426 1112 in
1452 1036 1593 1112 curiam
1618 1036 1947 1140 irrepsissent,‚⁴²)
1982 1037 2134 1112 tertium

240 1157 402 1234 dictator
427 1155 547 1233 lactus
575 1179 606 1232 a
633 1153 696 1248 tt,
731 1155 858 1232 multis
886 1155 1121 1230 senatoribus
1148 1165 1211 1230 aut
1236 1153 1393 1230 mortuis
1419 1155 1522 1228 bello
1548 1163 1619 1244 autj
1642 1178 1729 1229 rure
1756 1154 1883 1230 autin
1910 1155 2042 1229 castris
2069 1155 2135 1230 ad-

238 1274 489 1352 versariorum
515 1271 744 1367 virentibus,
771 1271 970 1372 equitibus,
998 1271 1169 1363 tribunis,
1196 1270 1489 1362 centurionibus,
1516 1270 1781 1373 praefectis⁴⁸)
1807 1283 1917 1371 atquc
1945 1272 2039 1346 adeo
2066 1297 2134 1372 pe-

239 1391 400 1492 regrinis
414 1391 463 1488 ⁴⁹)
476 1390 524 1494 ‚in
547 1401 718 1464 senatum
739 1389 883 1466 allectis
906 1389 1044 1480 effecit,
1071 1399 1113 1464 ut
1134 1413 1311 1464 numerus
1332 1397 1547 1463 senatorum
1569 1389 1616 1464 ad
1637 1399 1846 1488 nongentos
1868 1389 2134 1489 augeretur,³⁰)
2247 1435 2253 1452 ι

238 1533 311 1610 quo
335 1508 473 1584 iactum
494 1516 565 1598 est,
586 1516 628 1583 ut
648 1506 731 1609 ipse
754 1506 905 1606 quidem
926 1517 965 1582 et
985 1506 1112 1582 multis
1132 1517 1290 1580 navatae
1313 1504 1386 1580 sibi
1406 1527 1476 1605 per
1495 1515 1553 1580 tot
1573 1529 1693 1580 annos
1712 1531 1849 1606 operae
1869 1509 2035 1607 praemia
2056 1533 2134 1584 me·

237 1625 310 1700 rita
330 1625 580 1727 persolveret,
607 1635 645 1700 et
669 1624 709 1699 in
735 1635 927 1725 posterum
955 1619 1113 1722 quoque,
1139 1647 1210 1722 per
1231 1643 1325 1721 quos
1351 1631 1528 1721 regnaret
1553 1620 1592 1696 in
1619 1631 1761 1710 senatu,
1788 1623 1955 1716 haberet,
1983 1637 2135 1700 senatus
2225 1711 2229 1716 ¹

239 1752 364 1818 autem
399 1751 437 1817 et
470 1741 663 1817 veteribus
696 1741 933 1816 senatoribus
968 1749 1007 1816 et
1039 1740 1143 1842 plebi
1174 1739 1428 1838 militibusque
1455 1737 1596 1812 derisui
1623 1749 1736 1814 esset.
1755 1739 1804 1839 ⁶¹)
1855 1742 1912 1815 Ac
1937 1753 2135 1841 postquam

216 1869 279 1936 ‚et
312 1857 493 1934 nobilium
519 1857 623 1935 vires
648 1857 784 1958 fregit,
818 1867 857 1932 et
882 1857 1027 1956 equites
1060 1855 1168 1932 initio
1201 1855 1273 1931 sibi
1308 1855 1525 1930 conciliatos
1553 1855 1736 1948 coercuit,
1771 1856 1964 1958 utriusque
1991 1857 2134 1933 ordinis

240 1972 459 2075 dignitatem
501 1985 612 2073 atque
653 1975 835 2050 bonorem
875 1974 928 2050 ita
966 1973 1120 2068 minuit,
1160 1984 1203 2051 ut
1243 1971 1478 2049 senatoribus
1518 1995 1567 2049 ne
1609 1974 1861 2050 assurrexerit
1902 1975 2063 2074 quidem.
2078 1973 2134 2076 11)

275 2274 398 2318 senatum
408 2264 497 2336 coegit
507 2263 646 2332 imperium
658 2263 709 2316 sibl
720 2261 881 2318 confirmare
892 2263 995 2334 (Sqmrt.
1007 2264 1103 2318 Carae.
1113 2264 1152 2336 1),

276 2349 330 2405 quo
355 2342 463 2387 mortuo
487 2331 628 2386 Macrinus
646 2333 740 2386 scribit
763 2333 798 2386 ad
824 2343 961 2388 senatum:
989 2333 1154 2388 Detulerunt

274 2405 310 2458 ad
328 2419 371 2458 me
390 2401 546 2473 imperium,
570 2403 643 2456 cuius
661 2419 731 2474 eqo,
752 2401 785 2458 P.
804 2403 834 2458 (3.
854 2405 961 2458 interim
980 2405 1091 2458 tutelam
1110 2421 1152 2456 re·

193 2467 198 2476 ¹
276 2473 350 2597 tiit
366 2467 1152 2612 itttit(uitii’atmiis‘’'tttlattiittiii

296 2609 385 2665 uidem
410 2620 519 2665 senatus
544 2610 697 2664 auctoritati
723 2608 893 2679 strpersedit,
918 2626 972 2662 non
996 2609 1153 2664 Alexander

272 2629 404 2746 gaveras,
427 2681 505 2734 ests
523 2687 619 2733 sauata
636 2679 777 2748 imperium
796 2677 887 2732 dutum
906 2687 947 2732 est
966 2677 1089 2749 (Lampr.
1108 2680 1151 2733 ΑΙ.

273 2753 339 2806 Ser.
353 2751 374 2804 1.
388 2753 426 2820 2).
456 2749 538 2804 Cuius
550 2757 615 2821 post
633 2757 749 2802 mortem
767 2765 826 2804 cum
845 2765 862 2802 a
880 2748 1006 2802 militibus
1015 2748 1151 2806 Maximus

273 2816 366 2890 'l'lrran
389 2821 537 2890 imperator
562 2819 651 2872 iactus
676 2826 764 2883 esset,
789 2825 899 2872 senatus
919 2819 1072 2873 Gordianos
1097 2819 1152 2874 Aa·

274 2897 368 2962 gustos
385 2889 545 2960 appellavit,
562 2888 741 2942 Maximinum
760 2897 788 2942 et
805 2887 862 2942 eius
880 2887 966 2942 iilitrm
979 2887 1073 2944 bostes
1085 2889 1151 2943 iudi·

275 2961 363 3024 carlt,
383 2961 441 3011 eius
459 2958 578 3024 arnicos,
597 2957 838 3024 administratores,
857 2957 940 3011 duces
958 2958 1103 3024 interiecit,
1121 2957 1151 3012 ll·

273 3035 401 3096 terasque
425 3025 461 3080 ad
480 3043 575 3082 omnes
593 3029 716 3081 civitates
734 3025 828 3081 ltaliae
846 3028 1054 3098 provinciasque
1071 3029 1162 3102 misit,¹

275 3096 543 3220 qoqqusdqlplpimqms
552 3097 812 3235 ‘qiiwffc‘imifsq'qn
824 3098 915 3220 beqlaa
927 3097 1152 3221 ιίιιῧίιιει)ιιὶῐοιιιὶιιὶιἱ

273 3183 292 3220 a
335 3183 366 3219 or
394 3183 411 3219 a
440 3182 487 3219 se
525 3183 629 3220 ecaur
679 3183 749 3220 ιιιι.
795 3184 838 3220 an.
877 3183 912 3220 uo
967 3182 1027 3222 .r.
1070 3183 1141 3220 anm

274 3245 301 3290 et
320 3235 429 3290 Balbini
454 3255 476 3290 a.
501 3183 554 3304 ib).
590 3185 778 3293 Lectsslsunt
799 3237 930 3293 Gordiani
954 3237 1048 3292 literae
1072 3237 1151 3290 buius

274 3306 438 3376 argumenti:
463 3305 578 3361 inuitum
601 3323 660 3370 rue,
686 3307 719 3359 Ρ.
740 3307 768 3358 0.
786 3308 915 3369 iuvenes,
944 3308 1039 3376 quibus
1057 3306 1151 3360 niuea

274 3375 377 3429 tuenda
394 3376 537 3429 commissa
553 3382 608 3440 est,
626 3373 661 3427 ad
677 3375 818 3444 imperium
837 3385 969 3430 rocamat
985 3403 1022 3418 -·
1039 3377 1095 3430 Sed
1113 3377 1151 3429 in·

228 3453 255 3488 ··
274 3445 342 3498 tuito
367 3447 450 3500 vestri
476 3444 666 3499 rrecessitatem
685 3444 770 3498 libens
789 3445 918 3498 stistineo.
954 3444 1081 3498 Vestrum
1100 3454 1151 3510 est,

272 3515 429 3580 aestimare,
450 3513 514 3581 qaid
532 3511 629 3566 velitis.
665 3511 737 3568 Nam
757 3529 772 3565 e
792 3529 808 3566 o
826 3527 913 3582 traque
930 3514 965 3567 ad
985 3523 1094 3567 senatus
1111 3515 1150 3567 to·

272 3583 370 3638 dicium
386 3584 508 3638 incertm
526 3590 553 3635 et
570 3582 662 3636 varius
678 3583 781 3637 fluctuo
820 3589 836 3616 “
856 3583 935 3653 (Cap.
954 3583 1032 3638 blan.
1051 3584 1077 3636 d.
1097 3583 1151 3653 16).

271 3649 392 3710 Mortuis
411 3649 573 3717 Gordianis,
597 3661 707 3706 senatus
725 3649 872 3709 Maximum
892 3663 919 3706 et
938 3649 1083 3707 Balbinum
1103 3655 1150 3706 im·

272 3731 415 3794 peritiores
432 3723 551 3778 creavit:
576 3722 776 3790 provinciales,
797 3724 902 3776 natatui
918 3723 1152 3793 obtemperantes,

247 3793 252 3802 ’
269 3793 384 3847 sublatis
397 3793 529 3856 omnibus,
548 3805 617 3858 quae
629 3791 729 3844 uictum
747 3791 878 3859 praebere
892 3802 1013 3862 possent,
1032 3794 1102 3846 intra
1115 3793 1151 3846 ci·

274 3862 374 3914 vitatos
392 3879 423 3915 ae
437 3857 622 3931 recipiebatur
641 3859 765 3927 Atqulieia
777 3857 928 3914 Maximino
959 3873 1034 3915 irruas
1047 3862 1151 3927 clausit,

274 3935 384 3997 tamque
407 3929 452 3982 dlu
477 3929 583 3984 iortiter
601 3944 631 3982 se
649 3929 785 3992 defendit,
811 3929 874 3982 dom
892 3931 1028 3985 sedatione
1051 3941 1111 3986 orta
1135 3949 1152 3984 a

274 3997 330 4051 suis
349 3996 474 4051 militibus
483 3993 646 4052 Maximinus
665 3997 835 4054 occideretur
848 3997 896 4066 (id.
906 3999 941 4051 ib.
951 3997 992 4052 ao.
1003 3999 1045 4056 al.
1055 4001 1097 4058 23.
1107 3999 1150 4056 26.

274 4067 341 4136 (bap.
358 4065 441 4121 Gord.
461 4075 518 4122 tres
539 4066 592 4137 lii).
629 4068 687 4122 Sub
704 4067 829 4122 Maximo
848 4077 875 4121 et
894 4067 1012 4122 Balbino
1030 4067 1151 4122 noenibil

275 4137 400 4189 tributum
419 4137 451 4190 iri
469 4135 615 4192 videbatur
633 4138 737 4192 senatui
761 4137 840 4208 (Cap.
860 4136 937 4191 Max.
958 4147 984 4190 et
1005 4137 1084 4192 Balb.
1107 4138 1150 4206 13)

275 4215 301 4260 ct
320 4215 418 4275 postea
436 4223 542 4274 qnoque
561 4215 652 4272 erant,
681 4207 725 4278 qul
744 4208 779 4262 de
796 4209 905 4277 antiqua
923 4209 1084 4262 auctoritate
1109 4225 1151 4262 se·

275 4276 349 4329 natoi
373 4275 539 4330 restituenda
563 4277 734 4332 sornrriareot.
779 4275 851 4332 Nom
880 4293 960 4348 qaum
986 4279 1079 4333 occiso
1098 4280 1151 4332 Au·

274 4345 377 4398 reliano
396 4343 493 4396 milites
517 4361 534 4395 a
552 4355 646 4398 senatu
664 4347 863 4416 postulassent,
889 4355 917 4400 ut
934 4347 1085 4418 principem
1104 4346 1150 4402 eli·

273 4423 366 4486 qeret,
391 4421 455 4484 post
478 4427 527 4466 sea
553 4429 660 4468 merses
685 4424 794 4470 senatus
818 4415 937 4472 l'acitum
962 4417 1152 4488 impeterem

275 4486 386 4540 creavit.
429 4499 456 4537 v.
484 4482 617 4551 Vopiscus
642 4485 733 4537 Attrel.
759 4485 801 4537 to.
843 4485 906 4538 'luc
931 4489 955 4542 2
1000 4489 1063 4545 Quo
1089 4487 1151 4540 loco

275 4555 375 4618 ,Rotae
385 4554 439 4620 illa,
448 4553 544 4621 inquit,
558 4551 703 4606 cotrcordia
716 4554 836 4618 miiitum,
850 4563 949 4622 quanta
961 4557 1053 4626 populi
1066 4557 1152 4625 quies,

275 4637 353 4692 qamm
372 4625 463 4695 gravis
481 4630 590 4676 senatus
610 4622 759 4676 auctoritas
772 4623 835 4676 tuiti
864 4622 962 4678 Nullos
977 4641 1093 4693 anquam
1111 4635 1151 4698 ty·

276 4707 374 4744 munus
400 4694 529 4756 emersit3'
549 4691 604 4746 sub·
621 4689 719 4746 iudicio
744 4699 854 4746 senatus
879 4703 907 4746 et
929 4693 1042 4747 militant
1067 4709 1139 4764 popu

241 4815 244 4822 ,
274 4759 346 4883 iiqqe
357 4759 470 4818 Romani
488 4772 562 4818 totss
579 4761 655 4816 orbis
673 4771 714 4819 est
732 4767 924 4834 temperates“.
944 4762 1070 4832 idemque
1083 4781 1104 4817 c.
1120 4763 1152 4818 11

275 4870 292 4896 ,,
330 4847 361 4881 ec
387 4828 528 4885 tacendum
556 4841 616 4898 est,
642 4841 743 4885 tantam
769 4841 876 4885 senatus
901 4833 1030 4886 laetitiam
1058 4829 1149 4900 irrisae,

272 4900 347 4968 qaod
372 4897 487 4969 eligendi
512 4902 640 4972 prtampts
665 4915 729 4955 cara
745 4897 788 4955 'ad
813 4902 935 4956 matrem
957 4901 1150 4972 amplissimum

274 4970 446 5034 revertisset,
476 4975 506 5020 ut
531 4980 558 5026 et
585 4971 795 5040 supplicationes
821 4969 1033 5026 decernerentur
1061 4987 1091 5012 ⁴—
1122 4983 1148 5025 et

223 5043 226 5050 '
271 5039 441 5094 mitterentur
459 5037 553 5093 literae
570 5039 606 5094 od
623 5041 790 5114 provincias,
809 5051 842 5116 ot,
855 5043 954 5097 scireut
970 5055 1067 5098 omues
1083 5042 1149 5097 socii

1254 2280 1403 2332 omnesque
1420 2265 1560 2329 nationes,
1578 2263 1604 2316 in
1624 2261 1678 2317 anti
1699 2281 1759 2318 turm
1779 2274 1876 2318 statum
1896 2265 2009 2320 rediisse
2027 2283 2132 2336 rempu-

1252 2333 1378 2388 bllcum“.
1408 2331 1464 2388 Sed
1485 2331 1552 2387 baec
1569 2331 1672 2388 laetitia
1709 2335 1781 2388 reris
1799 2332 1856 2388 fuit.
1891 2335 1962 2388 Nam
1982 2351 2133 2406 quanquam

1254 2402 1380 2470 Probus,
1402 2423 1421 2456 a
1439 2403 1564 2458 militibus
1589 2404 1738 2472 imperator
1763 2405 1881 2470 electos,
1906 2405 1991 2460 literis
2010 2414 2133 2460 senatum

1253 2472 1376 2542 rogavit,
1396 2481 1424 2525 ut
1444 2489 1542 2526 nomen
1561 2471 1610 2526 sibi
1630 2475 1778 2542 Augustam
1797 2472 1933 2539 deferret,
1953 2489 2020 2543 qaas
2039 2475 2132 2528 literas

1253 2543 1372 2596 servavit
1399 2541 1533 2610 Vopiscus
1559 2559 1586 2596 v.
1609 2541 1693 2596 Probi
1719 2543 1758 2596 ll.
1789 2543 1845 2608 lia,
1872 2551 1961 2598 tamen
1987 2552 2049 2612 post
2074 2545 2133 2598 eius

1253 2619 1368 2664 mortem
1395 2613 1515 2665 militaris
1541 2613 1662 2682 potentia
1681 2614 1717 2666 ito
1735 2611 1890 2676 convaluit,
1916 2622 1944 2667 ot
1962 2613 2066 2666 senatui
2086 2613 2133 2666 im·
2211 2669 2216 2680 ,

1252 2681 1357 2750 perium
1383 2681 1547 2750 creandique
1575 2683 1615 2736 lus
1645 2683 1775 2753 principis
1806 2682 1885 2752 plane
1913 2683 2069 2752 eriperetur.
2104 2696 2132 2736 ν.

1252 2749 1345 2804 Aurei.
1364 2747 1433 2804 Vict.
1452 2751 1495 2806 37.
1524 2751 1685 2820 Quanquam
1705 2761 1802 2822 postea
1821 2769 1928 2822 quoque
1946 2753 2011 2806 ioris
2031 2753 2133 2806 veteris

1253 2820 1382 2872 memoria
1400 2820 1521 2886 durarit,
1547 2821 1630 2874 veluti
1650 2821 1849 2876 Diocletianum
1872 2837 1980 2890 tqttoqae
2000 2837 2016 2874 a
2034 2831 2131 2876 senata

1254 2898 1374 2943 creatum
1393 2889 1501 2946 tradrrut
1526 2893 1566 2960 (v.
1586 2907 1653 2960 quos
1672 2892 1689 2944 i.
1709 2891 1818 2946 Walter
1837 2891 1869 2944 lt.
1888 2891 1921 2944 li.
1940 2911 1967 2962 p.
1986 2893 2039 2947 360
2056 2909 2081 2945 u.
2101 2893 2132 2962 7)

1253 2968 1281 3011 et
1306 2959 1357 3011 sub
1375 2957 1547 3013 Theodorico
1567 2961 1646 3015 etiarm
1666 2971 1759 3028 eraut,
1784 2961 1828 3031 qui
1848 2959 1883 3016 de
1902 2959 2069 3016 restituenda
2090 2975 2132 3015 se·

1252 3037 1332 3081 natus
1348 3028 1471 3083 libertate
1489 3031 1649 3102 cogitarent.
1712 3040 1715 3054 ·

1219 3145 1256 3217 ⁴⁸)
1275 3145 1367 3201 Verba
1385 3145 1523 3202 Ciceronis
1542 3155 1602 3201 sarnt
1621 3147 1656 3200 de
1676 3146 1796 3202 Caesare
1813 3146 1886 3202 Pbll.
1905 3151 1932 3215 2,
1951 3147 1993 3204 tii.

1219 3258 1256 3325 ⁴⁶)
1274 3255 1338 3310 Tac.
1357 3249 1427 3314 ¹Anat.
1447 3258 1470 3322 l,
1488 3257 1531 3311 ot.
1568 3257 1602 3312 ct.
1623 3257 1646 3324 1,
1665 3257 1707 3314 ib

1219 3369 1255 3438 ⁴¹)
1274 3366 1329 3422 Dio
1347 3368 1390 3433 10,
1408 3371 1451 3426 48.
1469 3367 1513 3422 63·

1219 3471 1256 3547 ⁴⁸)
1276 3473 1329 3532 Dio
1348 3479 1398 3544 42,
1424 3477 1466 3532 51.
1503 3479 1582 3534 Caes.
1608 3479 1642 3534 B.
1664 3479 1721 3536 atr.
1747 3475 1789 3534 28.
1826 3477 1951 3536 Macrob.
1969 3481 2028 3538 Sat.
2048 3478 2080 3546 2,
2104 3480 2129 3536 t

1253 3547 1309 3602 Dio
1328 3547 1371 3616 13,
1390 3548 1432 3604 ¹27.
1469 3547 1513 3612 43,
1532 3549 1574 3603 tt.
1611 3548 1742 3604 Drum.3
1759 3567 1786 3620 p.
1805 3549 1865 3602 568.
1884 3553 1944 3606 0⁶20·
2026 3625 2031 3632 ι

1220 3659 1573 3729 ὌΜΗΜΜΜ

1221 3771 1257 3840 ⁵⁰)
1275 3770 1331 3824 Dio
1350 3769 1393 3835 43,
1413 3769 1454 3826 tt.

1221 3891 1255 3958 ³¹)
1275 3889 1330 3943 Cic.
1349 3907 1390 3962 ep.
1410 3889 1445 3944 ad
1464 3887 1526 3943 lam.
1545 3885 1570 3953 6,
1592 3887 1633 3954 ts,
1655 3887 1665 3940 l
1687 3889 1787 3958 scripta
1806 3907 1830 3941 a.
1850 3887 1891 3943 45.
1927 3885 2042 3956 „Neque
2061 3889 2131 3942 enim

1254 3968 1312 4012 erat
1330 3959 1487 4025 terendum,
1506 3975 1599 4027 quum,
1618 3958 1663 4025 qui
1681 3957 1763 4012 bodie
1781 3957 1979 4027 haruspicinam
1999 3958 2130 4022 tacerent,

1253 4031 1279 4082 ln
1293 4039 1413 4082 senatmn
1424 4031 1527 4086 Rornae
1539 4029 1702 4100 legerentur,
1720 4045 1779 4094 ears,
1799 4029 1841 4096 qui
1854 4027 1999 4096 aliquando
2027 4043 2130 4081 ›raeco-

1253 4097 1325 4152 nium
1337 4095 1473 4174 iecissent,
1493 4099 1518 4151 in
1532 4095 1679 4166 municipiis
1698 4095 1860 4152 dectrriones
1873 4113 2000 4152 essenon
2030 4093 2130 4152 ic'ere“.

1252 4167 1308 4222 Dio
1326 4170 1370 4232 sa,
1388 4167 1430 4224 10.
1461 4167 1678 4224 Saetcmslb.
1696 4167 1739 4224 80.
1778 4168 1944 4238 ,peregrinis
1962 4168 1988 4220 ia
2005 4176 2130 4223 senatum

1253 4235 1357 4308 allectis
1373 4233 1480 4292 libellus
1499 4237 1656 4308 Propositus
1676 4247 1731 4290 est:
1753 4207 1864 4289 lionam
1883 4236 1997 4300 taetram,
2019 4235 2130 4304 nequis

1251 4309 1372 4428 sapatori
1390 4322 1465 4361 noro
1482 4309 1583 4362 curiam
1602 4315 1755 4360 monstrare
1772 4305 1847 4360 vetit
1875 4303 1911 4360 Et
1924 4305 1970 4358 llis
1986 4305 2069 4378 vulgo
2087 4321 2130 4360 ca·

1252 4392 1286 4430 ne
1306 4386 1383 4430 autttr

1286 4445 1381 4498 Gallos
1400 4443 1502 4500 Caesar
1519 4445 1546 4498 in
1565 4443 1726 4514 triumphum
1747 4443 1828 4510 ducit,
1848 4441 1920 4497 idem
1938 4442 1966 4498 in
1983 4441 2096 4510 curiam,

1288 4515 1359 4568 Galli
1376 4516 1487 4570 braccas
1507 4515 1690 4585 deposnerunt
1708 4514 1790 4567 latum
1809 4515 1914 4567 clavum
1934 4521 2111 4584 sumpserunt.

1253 4583 1286 4638 al.
1307 4587 1341 4640 tl
1365 4585 1474 4638 Africae
1498 4585 1618 4655 praefinit
1644 4584 1673 4638 (ἶ.
1695 4583 1813 4636 Fuficius
1838 4583 1966 4655 Pbango,
1995 4593 2027 4634 ex
2047 4581 2131 4634 mtttte

1252 4657 1420 4710 mercenario
1444 4663 1557 4708 sentttor
1583 4655 1685 4716 stactam,
1715 4653 1788 4724 quod
1807 4653 1895 4708 maritis
1920 4654 1977 4708 eius
2001 4650 2130 4707 statibus

1253 4723 1355 4808 ⁰b¹iait
1391 4721 1445 4777 Dio
1463 4721 1580 4808 ‘mum'
1601 4717 1707 4808 Ι1ἰι,ἰιιιι.ι
1726 4733 1787 4808 poqt
1807 4733 1919 4808 mqrtem
1939 4716 2063 4804 caessaris
2082 4715 2131 4794 p'er

1252 4791 1907 4932 mittit,titttitttti'tim?titiis?
1924 4789 2126 4915 titillat.

1251 4939 1408 5006 Xapertrec
1426 4933 1545 5004 appellat
1565 4931 1635 4986 Plut.
1655 4949 1681 4986 v.
1699 4935 1762 5000 sint,
1785 4932 1824 4984 15.

1219 5047 1254 5114 52)
1273 5046 1346 5097 Soet.
1367 5044 1444 5098 Caes.
1464 5048 1506 5102 te
1534 5043 1589 5097 Dio
1609 5049 1643 5102 tt
1671 5047 1695 5100 8.
1722 5040 1795 5096 Plut.
1810 5039 1888 5097 caes.
1908 5039 1959 5095 uo..
1976 5040 2049 5110 App.
2064 5039 2124 5095 107.
