5254 6186
212 819 312 871 anuo
344 796 467 896 prima
492 795 672 896 quaestio
697 803 884 897 perpetua
916 819 1044 871 rerum
1074 795 1367 894 repetundarum
1392 789 1664 868 institueretur.
1716 791 2033 886 dormitantem,
2067 803 2109 870 ut

211 914 340 1012 paullo
380 925 468 989 aute
498 916 545 990 G.
579 912 745 989 Gracchi
779 912 1007 988 tribunatum
1046 921 1125 988 tres
1165 935 1320 986 caussae
1355 917 1575 1008 agerentur,
1614 929 1710 1008 quae
1742 920 1901 1009 propter
1937 913 2110 988 venalem
2164 957 2166 962 ,

212 1029 375 1107 animum
401 1031 583 1121 iudicum,
618 1029 683 1130 quii
709 1039 787 1104 tum
812 1027 996 1130 temporis
1032 1055 1054 1103 e
1088 1027 1325 1104 senatoribus
1352 1049 1483 1102 omnes
1509 1036 1634 1115 erant,
1668 1024 1931 1126 indignamque
1958 1051 2110 1102 reorum

212 1144 473 1245 impunitatem
507 1146 803 1248 indignationem
837 1145 1002 1222 omnium
1035 1145 1076 1220 in
1112 1171 1154 1222 se
1188 1152 1463 1220 converterent.
1487 1141 1532 1240 ¹²)
1583 1142 1688 1242 Quas
1715 1165 1844 1218 omnes
1879 1145 1925 1220 ad
1952 1144 2108 1244 prouin-

213 1261 291 1336 cias
316 1263 546 1362 pertinuisse
574 1289 623 1338 cx
649 1287 723 1340 nna
749 1287 881 1337 caussa
906 1261 1049 1359 Aquilii
1075 1260 1317 1360 intelligitur,
1347 1259 1410 1360 qui
1437 1269 1618 1359 occupatu
1642 1257 1734 1334 Asia
1761 1271 1959 1361 corruptus
1986 1289 2007 1338 a
2033 1263 2107 1338 iiii-

213 1379 396 1472 thridate,
423 1391 531 1481 patre
557 1380 681 1482 magni
708 1376 958 1471 Mithridatis,
986 1377 1194 1476 Phrygiam
1219 1377 1276 1452 iili
1303 1376 1479 1467 dederat,
1506 1387 1699 1450 accusatus
1726 1387 1850 1452 autern
1874 1377 2019 1454 Romae
2044 1407 2107 1456 re·

212 1498 463 1596 potandarum
488 1497 730 1595 criminisque
756 1495 970 1586 convictus,
997 1519 1019 1570 a
1046 1494 1232 1595 corruptis
1257 1493 1443 1570 iudicibus
1470 1495 1663 1568 absolutus
1690 1503 1759 1568 est.
1772 1492 1821 1594 ²⁰)
1873 1494 1965 1570 Sine
1992 1497 2105 1572 dubio

209 1611 250 1688 in
276 1613 336 1688 his
363 1615 526 1706 caussis,
552 1625 594 1690 ut
620 1615 660 1690 in
686 1611 901 1688 huiusmodi
924 1611 1119 1706 omibus,
1146 1610 1335 1710 publicani
1359 1608 1492 1686 Asiani
1517 1609 1733 1685 testimonio
1760 1621 1924 1686 actorem
1950 1612 2106 1688 adiure-

209 1740 316 1824 runt,
351 1755 471 1831 eoque
498 1730 657 1807 dissidio
684 1729 858 1804 ordinum
883 1727 936 1803 ita
961 1753 1052 1804 usus
1080 1741 1139 1805 est
1165 1730 1207 1804 G.
1235 1726 1452 1817 Gracchus,
1484 1735 1525 1799 ut
1550 1725 1608 1817 id,
1635 1725 1740 1802 cuius
1767 1727 1961 1804 consilium
1987 1732 2106 1806 irater

211 1848 437 1948 ceperat,²¹)
454 1859 688 1938 vexsecutus,
715 1849 761 1921 ab
789 1844 1042 1946 optimatibus,
1069 1843 1211 1920 invidia
1237 1846 1367 1920 harum
1394 1865 1609 1916 caussarum
1637 1845 1843 1944 oppressis,
1872 1846 1918 1919 ad
1946 1845 2104 1944 equites,

210 1987 368 2062 quorum
401 1965 538 2054 iisdem
573 1961 717 2039 caussis
750 1962 951 2038 auctoritas
986 1973 1179 2055 creverat,
1212 1960 1351 2036 indicio
1384 1958 1621 2034 transferret
1640 1959 1689 2056 ²²)
1741 1959 1945 2060 Postquam
1979 1973 2104 2040 nutem

210 2080 259 2154 ad
285 2083 354 2156 hos
378 2080 519 2156 iudicio
544 2087 819 2183 pervenerunt,
860 2089 937 2156 tum
964 2079 1125 2180 primum
1152 2065 1192 2154 et
1217 2077 1309 2152 ordo
1335 2084 1513 2173 equester
1538 2074 1684 2150 exstitit
1710 2086 1749 2151 et
1774 2078 1900 2153 statim
1925 2083 1970 2154 ab
1996 2078 2104 2156 initio

209 2206 333 2272 tantas
360 2198 462 2272 vires
490 2196 609 2296 cepit,
636 2205 678 2270 ιιι
703 2195 778 2270 iam
803 2221 878 2270 non
904 2196 1131 2290 nobilitatis,
1158 2191 1189 2271 a'
1204 2217 1278 2294 qun
1304 2192 1508 2284 defecerat,
1535 2191 1747 2266 auctoritati
1774 2195 1925 2288 cedens,
1951 2196 2008 2272 rei
2033 2223 2104 2299 po-

210 2315 354 2413 pularis
381 2315 635 2390 adiumentum
659 2312 794 2413 ingens
821 2315 1012 2390 evaderet.
1129 2393 1136 2404 ,

376 2431 412 2506 3.
453 2432 556 2506 Ordo
583 2429 684 2507 enim
717 2439 894 2528 equester
929 2431 974 2502 ab
1008 2427 1115 2504 initio
1142 2454 1228 2504 esse
1254 2452 1330 2504 non
1356 2426 1498 2530 potuit,
1534 2425 1621 2524 quia
1646 2424 1820 2502 diversus
1845 2453 1922 2506 non
1948 2442 2030 2508 erat
2056 2433 2103 2505 ab

211 2548 343 2626 ordine
370 2560 596 2650 senatorum,
623 2571 735 2644 quum
762 2555 802 2620 et
827 2555 980 2620 senatus
1007 2556 1046 2620 et
1071 2543 1183 2620 liberi
1209 2554 1425 2623 senatorum
1451 2543 1638 2641 equitibus
1664 2543 1956 2638 continerentur,
1982 2559 2042 2640 ut,
2069 2547 2103 2624 si

195 2657 277 2762 ”qui
302 2666 506 2766 scriptores
531 2663 712 2738 historiae
738 2663 821 2739 eins
855 2661 940 2736 nevi
975 2662 1145 2738 ordinem
1178 2671 1392 2760 equestrem
1425 2671 1734 2752 commemorant,
1772 2687 1905 2762 parum
1931 2675 2103 2740 accurate

92 2823 93 2826 ι
207 2780 354 2880 loquuti
392 2807 479 2858 esse
518 2780 700 2858 censendi
739 2780 825 2856 sint.
843 2779 893 2878 ²²)
944 2779 1003 2854 Ne
1036 2790 1115 2855 tum
1150 2779 1321 2876 quidem,
1360 2801 1473 2875 quum
1506 2775 1614 2852 Veiis
1654 2779 1878 2878 oppugnatis
1917 2781 2102 2877 quoddam

208 2921 348 2976 notum
375 2923 493 2999 genus
523 2898 708 2974 existeret
732 2897 899 2994 equitum
924 2895 1159 2987 militarium,
1195 2905 1237 2968 ut
1262 2894 1353 2975 dicit
1377 2893 1563 2970 Asconius
1589 2907 1834 2996 personatus,
1851 2896 1900 2997 ²⁴)
1927 2896 1952 2972 i.
1979 2924 2012 2974 e.
2037 2897 2102 2999 qui

209 3039 286 3090 non
318 3018 503 3091 honorem
533 3014 620 3113 equi
645 3016 846 3106 haberent,
882 3015 951 3090 sed
976 3009 1165 3113 stipendia
1196 3019 1341 3088 tantum
1374 3010 1480 3110 equis
1506 3009 1694 3102 facerent,
1730 3009 1916 3087 coniuncti
1942 3015 2103 3111 quodam

209 3142 313 3207 certo
340 3131 481 3208 ordinis
507 3131 659 3208 vinculo
685 3142 803 3208 erant.
841 3131 972 3206 Immo.
983 3127 1125 3206 ordinis
1145 3127 1357 3228 ¹appellatio
1382 3128 1430 3203 ad
1454 3126 1674 3227 publicanos
1694 3127 1919 3225 pertinebat,
1945 3155 2102 3228 qnorum

210 3250 257 3323 ab
284 3248 540 3349 antiquissimo
568 3257 902 3349 tempore,corpus
929 3258 969 3323 et
994 3247 1087 3321 ordo
1114 3253 1212 3334 erat,
1230 3241 1279 3343 ²⁵)
1309 3244 1357 3318 ad
1383 3264 1541 3338 eumque
1569 3241 1738 3317 ordinem
1764 3267 1900 3320 nomen
1927 3257 2101 3341 equestre
2209 3307 2213 3312 .

210 3363 339 3465 paculio
379 3375 467 3467 post
500 3363 696 3442 Gracchos
737 3363 924 3464 pervenit.
992 3357 1203 3437 Gracchani
1243 3367 1368 3434 autern
1405 3355 1549 3432 iudices
1587 3381 1708 3456 neque
1749 3361 1897 3436 anulum
1936 3387 2101 3456 aureum,

208 3505 330 3581 neque
357 3498 493 3582 equum
518 3480 711 3581 pubiicum
735 3481 941 3569 habebant,
968 3478 1036 3552 sed
1062 3486 1169 3552 erant
1190 3475 1233 3550 in
1259 3475 1371 3550 anulo
1397 3473 1537 3564 ferreo,
1565 3474 1672 3570 equis
1697 3475 1777 3551 suis
1802 3480 2005 3570 merebant,
2032 3507 2101 3556 no-

210 3600 446 3676 minabantur
471 3608 595 3674 autem
620 3596 785 3691 iudices,
803 3594 852 3696 ²⁶)
887 3617 1089 3693 eorumque
1116 3594 1188 3667 iios
1214 3599 1295 3688 erat
1319 3590 1359 3664 in
1383 3587 1603 3690 publicanis.
1622 3589 1670 3688 ²²)
1721 3591 1827 3666 inter
1852 3616 1945 3691 quos
1979 3596 2011 3670 si
2038 3597 2102 3697 qui

213 3865 551 3936 omnum

215 3949 252 4018 κ)
271 3949 306 4002 ιι.
325 3951 342 4003 ι.
361 3951 379 4004 t.
397 3950 459 4004 aen.
478 3948 573 4004 ιιιιιι.
594 3951 643 4014 ιι,
661 3949 704 4004 ιιι.
741 3949 798 4004 cte.
817 3948 901 4004 nnn
919 3949 963 4013 nt,
980 3948 1024 4006 oa.

1222 3867 1251 3912 et
1275 3857 1310 3912 tie
1334 3857 1450 3923 ceteris,
1476 3856 1519 3925 qui
1538 3853 1646 3909 luerunt
1671 3865 1735 3910 ante
1751 3856 1869 3924 Sullam,
1895 3861 1962 3914 satis
1986 3861 2102 3918 verbose

1222 3929 1403 4050 litlllhoqu'
1427 3925 1591 3997 disputavit,
1615 3941 1647 3978 ea
1665 3927 1808 3980 maximam
1831 3937 1934 3997 partem
1952 3929 2022 3986 iaisa
2040 3949 2103 3988 esse

213 4044 250 4113 ²¹)
269 4042 342 4098 Piut.
368 4043 426 4097 Tib.
451 4043 568 4100 Gracch.
596 4043 636 4098 la.
681 4041 746 4098 Dio.
772 4041 805 4098 ir.
827 4045 871 4100 88.
916 4041 950 4095 ci.
976 4039 1129 4094 Drumanni
1189 4067 1226 4136 ιι)
1245 4084 1271 4120 v.
1289 4066 1307 4118 i.
1326 4065 1372 4130 iV,
1391 4083 1415 4118 c.
1432 4067 1458 4122 3.

244 4113 343 4168 Gesch.
362 4113 445 4186 lioms
463 4115 489 4180 ⁶2,
507 4133 533 4184 p.
552 4115 612 4170 too.

1189 4139 1224 4204 ²⁴)
1243 4133 1429 4188 Prendo-Asc.
1448 4133 1492 4188 ad.
1506 4132 1569 4186 Div.
1587 4149 1614 4204 p.
1637 4133 1686 4189 tot
1699 4129 1747 4189 0r.
1766 4135 1914 4208 appellatio
1933 4155 1987 4193 nou
1998 4140 2100 4211 inepta,

199 4208 251 4276 ¹²¹)
271 4205 410 4292 Gracchos
428 4207 527 4262 iudicia
539 4207 605 4292 qoiis
623 4205 756 4276 equitibus
775 4205 920 4260 tradidisse
937 4201 1129 4288 produnthi·
1202 4220 1371 4310 ¹quanquam
1390 4204 1465 4256 iocus
1484 4209 1626 4274 comttptns
1645 4212 1694 4257 est.

213 4317 217 4324 Ι
246 4277 341 4400 libili
354 4277 397 4414 aph,
418 4274 651 4400 lbi-Alibmnci?
669 4275 746 4398 lerl'
764 4279 807 4410 P,
822 4274 1128 4411 laizsqtqdogtrilsqqqhqq
1189 4277 1225 4416 ²⁸)
1243 4271 1679 4408 Ipqqqrsequpsspni'tqpqlqlui.
1710 4340 1915 4397 distinxere
1946 4311 2097 4400 aiterum

246 4418 350 4470 Aaron.
369 4413 404 4468 ad
423 4411 449 4468 h.
468 4413 486 4467 1.
504 4431 531 4482 p.
553 4416 601 4469 tta
620 4413 669 4468 0r.
695 4415 780 4467 Tacit.
800 4417 862 4468 Anu
893 4416 933 4478 i‘i,
950 4415 993 4468 60.
1032 4412 1128 4466 1Ίοιιιι

247 4487 280 4551 3,
307 4487 354 4549 ta,
381 4483 422 4539 17.
471 4483 513 4537 Ab
540 4482 583 4535 his
606 4483 650 4551 qni
676 4483 822 4547 recedunt,
856 4481 1019 4536 Plutarchus
1043 4499 1070 4535 v.
1097 4480 1127 4534 C.

246 4554 364 4609 Gracchi
382 4557 408 4619 ἴ),
427 4553 485 4608 Tib.
503 4550 619 4606 Gracch.
642 4553 672 4606 iti
690 4561 717 4604 et
737 4551 831 4606 Livius
849 4569 892 4620 ep.
910 4554 954 4617 tto,
973 4551 1129 4604 contudisse

247 4624 372 4678 videntur
390 4624 477 4695 legem
496 4623 602 4677 Liuiam
623 4637 683 4674 cnm
702 4622 872 4690 Sempronia.
909 4619 949 4674 Gi.
969 4619 1077 4674 Walter
1095 4620 1128 4674 G.

248 4693 275 4745 d.
294 4694 327 4747 n.
341 4694 373 4746 R.
392 4712 418 4764 p.
436 4693 497 4749 tta.
529 4693 587 4746 llos
604 4691 708 4744 iudices
726 4698 755 4742 ut
773 4699 855 4744 auten
872 4698 1013 4761 senatores
1031 4698 1058 4742 et
1076 4690 1128 4758 pri·

246 4771 327 4815 vatus
352 4770 379 4813 at
396 4763 517 4830 publicas
542 4778 654 4815 caumas
678 4759 814 4814 indicasse
841 4768 868 4812 et
896 4760 1056 4816 testimoniis
1083 4775 1128 4811 ve·

247 4839 334 4886 terum
352 4839 467 4898 constat,
485 4835 524 4902 (v.
543 4830 641 4902 Polyb.
660 4831 686 4896 6,
707 4829 752 4899 17)
771 4838 798 4882 et
816 4847 858 4894 eo,
878 4828 951 4898 quod
969 4829 1069 4882 nulium
1088 4837 1129 4881 cst

215 4945 218 4954 .
247 4901 320 4971 sputi
346 4899 456 4954 eosdem
481 4911 667 5024 separatorum
694 4898 790 4953 horum
811 4897 968 4952 indiciorum
992 4898 1128 4952 indicium.

247 4989 274 5024 v.
296 4969 395 5024 itiadr.
419 4969 454 5022 tie
477 4969 509 5023 tri
528 4971 554 5024 b.
580 4987 667 5024 aerar.
688 4987 713 5039 p.
733 4973 750 5024 1
768 4986 793 5022 n.
816 4973 838 5034 i,
859 4967 975 5023 Witticb
999 4967 1034 5021 de
1052 4967 1129 5024 Suiin

246 5059 273 5112 p.
295 5042 354 5098 158.
392 5037 520 5124 lictorum
537 5056 608 5112 quae
633 5039 724 5093 hicet
748 5038 784 5092 de
803 5037 971 5094 Gracchanis
996 5037 1129 5094 iudicibus

1221 4413 1381 4467 ordinem
1406 4429 1423 4464 a
1441 4410 1548 4480 plebe
1565 4439 1602 4468 η-
1619 4410 1685 4480 (hoc
1703 4410 1739 4464 ad
1757 4409 1857 4465 'liberii
1876 4421 1999 4483 temporo
2017 4417 2098 4484 perti·

1221 4499 1297 4568 nere,
1316 4480 1419 4536 Plinius
1438 4482 1612 4566 ipsepostea
1630 4480 1735 4602 docqt.)
1745 4509 1789 4602 1-
1805 4511 1841 4522 -
1874 4481 1975 4540 Quod
1994 4493 2099 4537 antea

1222 4552 2098 4692 313ιὲξῖἓὲ(ῗὲιῗῖοὲῗῗῖιιῖιιιοιιειῗῗιΙίιοὴοοὲιῗιυοῃιιξ

1223 4700 1276 4745 est
1307 4690 1447 4744 iactum.
1496 4689 1771 4759 Divohngusto
1805 4691 1974 4744 decurias
2004 4691 2097 4744 ordi·

1222 4767 1343 4826 nante,
1367 4761 1475 4813 maior
1500 4775 1583 4829 pars
1613 4760 1758 4813 iudicum
1783 4762 1816 4813 in
1843 4761 1964 4812 ferreo
1989 4759 2096 4814 anulo

1223 4829 1301 4894 tutt,
1321 4830 1414 4899 liqna
1432 4827 1670 4904 nonneqnites,
1688 4830 1749 4882 sed
1769 4829 2097 4883 indicesvocabnn·

1223 4907 1286 4952 tur.
1328 4897 1495 4968 Equitum
1526 4898 1902 4978 nomen'snbsistehat
1924 4898 1957 4950 in
1976 4901 2097 4953 turmis

1224 4986 1239 5023 e
1272 4985 1392 5022 uorum
1411 4967 1643 5038 publicorum.
1680 4967 1808 5020 Ceterum
1822 4967 1902 5020 etiem
1916 4966 2098 5038 hurum„qni

1223 4985 1265 5093 sd
1283 5039 1480 5108 equitatum
1493 5036 1761 5102 t.rnhebantar,“
1774 5051 1871 5090 nomen
1884 5039 2100 5105 vadatumesse,

1637 5129 1658 5194 1
