5254 6186
1322 706 1585 809 Gamv.

1107 863 1799 948 Publiceni.

411 1073 419 1090 ·
513 1050 546 1124 l.
573 1021 722 1151 Neque
749 1078 841 1132 vero
868 1054 974 1156 prius
991 1053 1085 1136 ¹lieri
1119 1052 1261 1154 potuit,
1300 1063 1343 1128 ut
1375 1049 1737 1130 communicarentur
1769 1053 1863 1128 baec
1895 1051 2058 1153 insignia
2093 1050 2284 1153 dignitatis
2318 1075 2403 1128 cnm

510 1169 701 1264 omnibus,
728 1172 792 1271 qui
819 1183 858 1251 et
884 1195 1036 1251 cerasum
1062 1174 1245 1248 haberant
1269 1179 1310 1246 et
1334 1169 1441 1269 equis
1469 1167 1547 1246 suis
1575 1169 1765 1269 stipendia
1790 1171 1983 1262 facerent,
2009 1191 2119 1268 quam
2144 1170 2289 1245 viribus
2318 1168 2402 1269 opi-

410 1313 413 1318 ·
510 1287 654 1384 busque
680 1288 756 1364 illis
781 1289 822 1364 in
846 1289 1041 1390 republica
1060 1297 1321 1387 aequarentur.
1359 1288 1449 1364 Hoc
1470 1297 1593 1364 autem
1619 1289 1737 1366 multo
1763 1298 1898 1388 postea
1922 1286 2063 1362 facturn
2084 1295 2154 1362 est.
2192 1287 2278 1362 Mos
2300 1287 2402 1368 enim

510 1415 593 1478 erat
612 1403 785 1503 mtiqaus
806 1407 1059 1484 Romanorum
1082 1417 1125 1482 ut
1139 1405 1435 1483 Atheniensium
1448 1415 1732 1504 ceterorumque
1745 1403 1933 1480 Graeciae
1954 1406 2193 1505 populorum,
2218 1415 2262 1479 ut
2280 1403 2403 1480 recti·

509 1521 608 1622 galia
634 1532 673 1598 et
698 1524 797 1600 ultro
823 1524 963 1602 tributa
987 1524 1156 1602 locarent
1179 1522 1400 1622 publicanis.
1452 1524 1673 1624 Quanquam
1699 1531 1837 1614 autern,
1865 1521 2097 1621 singulorum
2123 1521 2284 1596 iomanis
2310 1547 2402 1622 pro·

509 1639 716 1718 sinciarum
742 1641 990 1742 vectigalibus
1012 1641 1265 1718 conducendis
1291 1667 1365 1718 non
1389 1639 1678 1732 sufficientibus,
1705 1640 1905 1716 societates
1930 1638 2215 1740 publicanomm
2240 1639 2431 1731 coibant*

509 1766 635 1856 tamen
669 1743 781 1836 etiam
814 1760 854 1836 in
886 1760 935 1836 iis
960 1759 1095 1836 summi
1128 1767 1273 1834 tantum
1306 1783 1439 1834 census
1474 1756 1645 1834 homines
1679 1758 1799 1833 fuisse
1833 1781 1990 1832 necesse
2024 1765 2094 1832 est.
2153 1757 2276 1835 Sicuti
2308 1781 2400 1832 vero

511 1874 805 1956 Atheniensibus
828 1876 1082 1976 nobilibus,⁸⁷)
1100 1875 1155 1952 sic
1176 1875 1346 1975 patribus
1359 1874 1540 1951 Romanis
1562 1883 1740 1973 quaestus
1761 1875 1963 1951 indecorus
1983 1873 2249 1975 videbatur,⁸⁸)
2269 1886 2404 1976 postea

510 1991 658 2090 legibus
685 1994 907 2072 interdictus
934 2006 1005 2070 est.
1023 1993 1072 2092 89)
1124 1991 1302 2070 Exclusis
1329 2002 1453 2068 autem
1478 2018 1501 2068 a
1525 1991 1678 2092 negotio
1712 1993 1991 2093 magistratibus
2009 1991 2058 2094 ⁰⁰)
2092 1993 2402 2092 senatoribusque

510 2117 590 2184 tota
614 2135 677 2184 res
705 2114 840 2188 autad
867 2105 1012 2212 equites
1038 2111 1229 2187 Romanos
1255 2110 1385 2202 rediit,
1417 2121 1481 2186 aut
1507 2112 1555 2186 ad
1580 2135 1667 2202 eos,
1693 2109 1756 2209 qui
1783 2119 1997 2209 equestrem
2024 2134 2178 2186 censum
2203 2111 2401 2187 habebant.

510 2226 802 2306 Publicanorum
828 2230 985 2329 primam
1011 2227 1240 2304 mentionem
1265 2226 1417 2304 invenio
1443 2228 1484 2304 in
1508 2227 1703 2313 annalibus
1730 2227 1820 2303 anni
1844 2227 1933 2302 alr.
1960 2251 1993 2302 a.
2020 2229 2109 2302 cnr.
2135 2253 2192 2319 m,
2212 2226 2261 2327 ⁹¹)
2289 2253 2401 2327 quum

509 2355 663 2444 praetor
696 2347 939 2438 vestimenta,
979 2348 1208 2422 frumentum
1241 2344 1490 2444 Hispaniensi
1523 2345 1708 2421 exercitui
1732 2345 1966 2447 praebenda,
2005 2367 2173 2444 quaeque
2207 2345 2280 2419 alia
2306 2365 2402 2446 opus

510 2475 639 2538 esseut
664 2464 860 2541 navalibus
884 2465 1019 2556 sociis,
1055 2466 1198 2538 locaret
1230 2473 1270 2536 ct
1294 2464 1342 2538 ad
1368 2464 1650 2538 conducendum
1674 2474 1754 2538 tres
1780 2464 1982 2539 societates
2009 2463 2187 2538 adessent
2210 2462 2403 2540 hominum

510 2580 755 2680 undeviginti.
808 2582 920 2656 Anno
953 2589 1138 2678 sequente
1163 2603 1374 2656 convenere
1401 2581 1450 2656 ad
1487 2604 1665 2656 censores
1698 2582 1937 2679 frequentes,
1978 2581 2043 2681 qui
2068 2583 2198 2656 hastae
2226 2579 2309 2656 eius
2335 2607 2402 2680 ge-

422 2692 427 2698 ’
510 2697 611 2770 neris
638 2709 902 2790 assueverant,
928 2697 1140 2794 hortatique
1169 2721 1363 2790 censores,
1389 2708 1432 2772 ut
1457 2694 1580 2772 omnia
1605 2694 1764 2795 perinde
1791 2709 1967 2796 agerent,
1993 2700 2177 2790 locarent,
2205 2723 2248 2772 ac
2271 2697 2306 2773 si
2332 2725 2402 2800 po-

512 2811 621 2888 cunia
645 2811 685 2888 in
712 2815 858 2890 aerario
886 2824 998 2890 esset.
1022 2813 1070 2913 Μ)
1120 2813 1353 2911 Itaqueiam
1385 2825 1463 2890 tum
1491 2821 1633 2888 certum
1669 2813 1854 2911 quoddam
1888 2839 2008 2914 genus
2032 2826 2073 2890 et
2106 2816 2200 2890 ordo
2234 2818 2403 2917 publica-

509 2953 642 3006 norum
665 2939 761 3021 erat,
787 2931 893 3029 isque
921 2943 959 3006 et
985 2942 1086 3010 artes
1113 2955 1243 3005 omnes
1268 2956 1334 3007 eas
1359 2933 1519 3023 callens,
1549 2930 1683 3027 quibua
1709 2946 1849 3024 τελώνας
1869 2931 2121 3008 Athenienses
2146 2933 2312 3012 famosos
2339 2936 2401 3011 sn·

510 3045 587 3136 isse
614 3047 771 3138 scimus,
793 3047 840 3148 ⁹³)
875 3059 914 3126 et
938 3047 1181 3124 nihilominus
1207 3071 1359 3147 magnas
1393 3048 1434 3124 in
1460 3047 1656 3147 republica
1682 3048 1784 3122 vires
1813 3057 2017 3123 assecutus.
2069 3049 2179 3123 Anno
2205 3051 2305 3126 enim
2325 3051 2402 3127 alu

439 3169 472 3211 -’
510 3189 543 3243 a.
570 3165 657 3238 Chr.
685 3188 720 3237 n.
749 3166 1001 3265 „publicanus
1035 3177 1115 3241 crat
1141 3165 1193 3238 M.
1220 3164 1464 3240 Parthumius
1490 3165 1720 3264 Pyrgensis,
1759 3163 1822 3261 qui
1854 3161 1981 3240 multis
2007 3164 2115 3238 anuis
2140 3189 2271 3264 parem
2293 3169 2400 3246 nau-

510 3281 558 3384 de
598 3281 825 3375 araritiaque
868 3284 1054 3357 neminem
1094 3282 1134 3356 in
1176 3279 1328 3354 civitate
1368 3283 1551 3356 habsnerat
1590 3292 1743 3382 praeter
1775 3281 1821 3355 L.
1855 3277 2106 3382 Pomponium
2139 3281 2400 3362 Veientanum.

508 3395 577 3486 Hi,
604 3396 690 3492 quia
714 3395 903 3495 publicum
929 3396 1138 3497 penicillum
1164 3407 1293 3478 erata
1318 3399 1357 3473 ri
1384 3398 1618 3498 tempestatis
1644 3397 1684 3474 in
1708 3397 1769 3490 iis,
1797 3423 1892 3496 quae
1918 3407 2158 3498 portarentur
2182 3401 2229 3474 ad
2250 3401 2398 3476 exerci-

509 3523 582 3603 tus,
605 3513 653 3611 ⁹⁴)
679 3523 720 3590 et
746 3514 915 3592 ementiti
940 3526 1049 3590 erent
1074 3515 1169 3588 salsa
1194 3515 1399 3615 naufragia,
1426 3527 1465 3590 et
1490 3539 1536 3590 ea
1561 3514 1657 3615 ipsa,
1686 3539 1779 3612 quae
1807 3539 1899 3590 vera
1918 3515 2241 3620 renunciaverunt,
2266 3515 2399 3594 fronde

509 3629 678 3730 ipsorum
711 3630 811 3708 facta
844 3641 970 3721 erant,
1002 3656 1078 3706 non
1113 3655 1213 3706 casu.
1270 3632 1317 3706 In
1350 3642 1502 3707 veteres
1534 3654 1763 3728 quassasque
1788 3655 1906 3706 naves
1932 3633 2062 3732 paucis
2090 3633 2261 3734 etparri
2285 3637 2399 3735 pretii

510 3749 623 3822 rebus
649 3746 855 3847 impositis,
895 3771 1007 3846 quum
1033 3747 1253 3824 mersissent
1278 3773 1343 3824 eas
1369 3748 1409 3824 in
1434 3751 1530 3839 alto,
1566 3745 1736 3846 exceptis
1761 3746 1800 3822 in
1827 3761 2068 3848 praeparatas
2095 3752 2252 3851 scaphas
2277 3751 2401 3828 nautis

509 3863 736 3963 multiplices
769 3865 888 3940 fuisse
922 3891 1066 3940 merces
1096 3865 1402 3941 ementiebantur.
1455 3865 1513 3938 Ea
1538 3864 1642 3938 fraus
1667 3863 1829 3941 indicata
1856 3865 1908 3942 Μ.
1935 3865 2053 3940 Atilio
2079 3868 2247 3965 praetori
2273 3868 2400 3969 priore

509 4003 605 4053 anno
633 3981 767 4071 luerat,
795 4005 837 4054 ac
862 4007 933 4079 per
958 4007 1043 4056 eum
1071 3981 1117 4055 ad
1144 3995 1313 4058 senatum
1340 3983 1482 4070 delata,
1509 4007 1579 4056 nec
1604 3991 1730 4056 tomen
1755 3983 1834 4056 ullo
1861 3982 1962 4055 scto
1989 3990 2134 4071 notata,
2162 3984 2248 4077 quia
2271 3993 2399 4082 patres

510 4096 679 4171 ordinem
707 4098 991 4198 publicanorum
1016 4098 1056 4174 in
1081 4099 1148 4175 tali
1173 4110 1343 4201 tempore
1370 4099 1555 4174 offensum
1580 4100 1801 4172 nolebant.“
1854 4098 1979 4197 Quum
2004 4104 2129 4171 autem
2154 4096 2294 4174 tribuni
2319 4125 2399 4174 rem

506 4271 928 4307 -ύ-ε-η-μφ-Ι-..ῥ-

459 4462 464 4474 ·
508 4395 546 4507 ii)
562 4393 689 4520 poecqp.
708 4395 829 4518 'di'ih
847 4395 866 4449 ι
884 4415 912 4467 ¹''
930 4398 989 4454 m
1487 4399 1522 4506 ii
1541 4393 1587 4519 'df'
1603 4391 1804 4521 hisv'iipi'c
1823 4393 2022 4520 mirvmi²
2039 4397 2066 4464 ³’
2084 4399 2126 4480 ⁵7‘
2244 4461 2279 4515 aa
2331 4463 2349 4517 a

509 4467 547 4603 sd
565 4479 625 4588 hid
643 4503 916 4597 blitilsttslnsisns
933 4537 1013 4590 suan
1066 4535 1149 4589 tribas
1162 4533 1419 4606 abaesamlaqam,
1511 4469 1676 4605 heddium:
1698 4505 1747 4588 sed
1772 4506 1857 4605 opera
1899 4475 2398 4603 dbitca‘ia’cidiodiiscdenddsisdd}

337 4673 342 4680 ι
543 4619 623 4674 quma
633 4603 671 4659 Q.
683 4601 811 4682 Claudius
829 4602 949 4679 tribunus
966 4605 1053 4676 plebs
1071 4606 1203 4660 adseram
1221 4613 1352 4669 senatum,
1366 4621 1419 4657 uno
1520 4605 1680 4675 publicanos
1697 4613 1771 4658 recte
1789 4605 1857 4670 dici,
1911 4604 2037 4725 telliqimr
2054 4600 2159 4654 collatis
2177 4601 2245 4655 locis
2262 4603 2335 4658 lell
2353 4607 2397 4671 ht,
2527 4643 2542 4666 ,

452 4705 459 4714 -
542 4682 648 4742 parram
667 4671 816 4742 adjuvante
831 4672 862 4726 (l.
879 4672 1018 4740 blsmlslo,
1037 4675 1151 4738 hilaram
1170 4675 1283 4744 nequis
1301 4681 1418 4738 senator,
1524 4678 1557 4731 18
1574 4684 1601 4728 et
1619 4673 1709 4728 valer.
1729 4673 1805 4728 Max.
1825 4678 1850 4741 5,
1867 4676 1893 4739 a,
1911 4677 1936 4729 8.
1956 4690 1988 4724 c.
2007 4669 2102 4724 Barna
2122 4667 2158 4722 de
2176 4673 2274 4744 rectlg.
2292 4693 2319 4748 p.
2338 4677 2398 4732 ΝΑ.

542 4743 624 4811 utura
647 4742 780 4796 senatoris
805 4751 884 4811 petar
907 4741 1010 4810 lubra,
1036 4747 1193 4798 mantuanam
1213 4759 1324 4809 nasein,
1350 4758 1420 4814 quae
1487 4746 1516 4782 ⁸²
1543 4743 1603 4797 Lir.
1621 4745 1671 4808 bt,
1692 4746 1741 4808 18,
1762 4745 1803 4798 ll.

542 4810 602 4881 plns
621 4827 701 4932 quarn
718 4819 900 4867 trecentarum
919 4811 1108 4880 amphorarum
1128 4823 1212 4878 esset,
1233 4811 1352 4866 haberet.
1390 4811 1419 4865 ld
1488 4814 1512 4852 ⁹³
1545 4811 1651 4864 Bbclsh.
1668 4811 1791 4866 Smatsh.
1811 4812 1829 4864 l.
1846 4825 1874 4878 p.
1889 4809 1950 4861 sot.
1969 4805 2003 4858 et.
2019 4823 2048 4890 p.
2067 4807 2127 4864 358.
2229 4817 2231 4822 “

540 4879 619 5016 ffiff'l
637 4883 743 5007 puppe
769 4881 805 4936 sd
830 4881 931 4936 rrum
952 4897 985 4936 ⁰¹
1001 4883 1076 4953 ⁸ssi·
1094 4883 1254 4938 versuto·-
1289 4882 1375 4936 Phr·
1391 4898 1419 4935 v·
1488 4879 1872 5016 rrbqnqqqangnpqaonea
1890 4874 1953 4928 arras
1969 4883 2116 4988 aeneae.
2132 4875 2265 4970 aarum,
2288 4877 2397 4984 raquo.
