5254 6186
2042 533 2120 618 89

221 760 322 860 iique
350 771 414 836 aut
439 761 682 841 decurionum
709 776 774 842 aut
798 762 1100 856 duumvirorum,
1134 771 1198 840 aut
1225 762 1549 860 quatuoruirorum
1575 787 1730 840 munere
1756 764 1890 840 aliisve
1924 765 2119 866 magistre·

118 964 123 978 ι
221 876 321 952 tibus
348 879 486 972 functi,
505 881 553 980 ²⁶)
590 891 654 958 aut
679 893 918 983 patronorum
946 879 1055 955 titulo
1082 879 1254 955 honorati
1280 890 1387 956 sunt:
1405 879 1454 980 ²²)
1488 881 1528 957 in
1556 881 1775 983 quibusdam
1802 893 2010 958 mercatura
2036 884 2119 984 opi·

221 998 368 1094 busque
398 997 618 1074 iiorentibns
651 1024 727 1074 ιιοιι
752 997 863 1098 pauci
889 999 971 1074 eius
998 1020 1133 1072 census
1158 995 1330 1072 homines
1356 996 1617 1091 inveniuntur,
1656 1008 1698 1072 ut
1724 997 1896 1074 Gadibus
1922 999 2119 1077 Strabonis

221 1123 343 1189 aetate
377 1111 570 1213 quingenti
605 1129 729 1209 erunt,
747 1115 795 1214 28)
830 1114 894 1214 qui
927 1113 1116 1212 equestria
1148 1113 1188 1190 in
1221 1115 1369 1190 theatro
1396 1114 1565 1190 Romano
1598 1141 1704 1192 more
1738 1116 1943 1208 habebant,
1961 1117 2009 1216 21)
2042 1141 2119 1194 ιιοιι

220 1230 344 1304 minor
376 1254 554 1307 numerus
588 1245 670 1309 erat
694 1233 854 1309 Patavii.
872 1230 921 1332 ³⁰)
973 1229 1029 1304 Hi
1055 1230 1154 1306 inter
1188 1255 1229 1304 se
1265 1231 1434 1306 ordinem
1469 1231 1717 1331 collegiumve
1750 1231 1983 1325 efficiebant,
2018 1233 2118 1331 quod

222 1344 514 1444 quotiescunque
549 1361 858 1430 commemoratur
882 1349 922 1426 in
947 1344 1273 1446 inscriptionibus,
1307 1372 1429 1445 neque
1456 1347 1503 1420 de
1529 1347 1818 1448 Augustalibus,
1837 1346 1887 1447 ³¹)
1921 1373 2042 1447 neque
2068 1351 2117 1428 de

221 1462 295 1538 alio
322 1488 462 1562 genere
487 1464 678 1543 homiuum
703 1466 993 1567 municipalium,
1019 1466 1088 1539 sed
1114 1464 1161 1538 de
1187 1462 1235 1538 iis
1260 1464 1546 1562 intelligendum
1572 1477 1642 1556 est,
1669 1465 1745 1562 qui,
1777 1466 1943 1540 vivetes
1969 1463 2008 1544 in
2034 1489 2116 1542 mu-

221 1578 383 1678 nicipiis,
410 1583 703 1688 quadringenta,
717 1594 759 1660 ut
784 1583 902 1660 ceteri
920 1581 1079 1681 Equites
1104 1580 1276 1674 Romani,
1301 1579 1607 1681 possiderent.³²)
1645 1581 1777 1679 Neque
1802 1591 1928 1658 umen
1952 1581 2012 1658 his
2039 1591 2117 1659 ter-

225 1943 261 2012 ²⁶)
281 1940 390 1996 Coelius
407 1956 450 2009 eq.
468 1933 632 1993 ileecurio
652 1936 711 1984 erat
728 1925 861 1980 Puteolis.
899 1922 954 1978 (iic.
972 1939 1012 1994 pr.
1024 1923 1126 1981 coeii
1165 1921 1170 1970 i

258 2007 427 2080 Oppianicus
452 1999 546 2077 eq.'ll.
573 2006 620 2072 (v.
640 2000 696 2054 Cic.
720 2015 761 2068 pr.
786 1995 891 2050 cluens.
909 1995 963 2063 30)
989 2011 1020 2046 se
1045 1995 1053 2046 i
1074 2011 1133 2046 snm

221 2111 235 2124 ·
257 2080 322 2135 iecit
341 2079 466 2134 leirum
485 2073 585 2128 launi.
621 2071 655 2124 ib.
673 2069 699 2122 8.
733 2067 814 2120 multu
835 2082 868 2119 ue
885 2064 940 2118 alla
957 2013 1082 2134 exempid
1100 2079 1133 2116 ex

256 2147 477 2220 inscriptionibus
492 2143 580 2198 ademi
599 2144 720 2209 possunt.
757 2136 790 2188 V.
811 2082 895 2191 (dccli.
915 2151 939 2186 ιι.
958 2133 1036 2188 3733.
1055 2135 1133 2190 3711.

256 2218 334 2275 3758.
353 2217 430 2271 3777.
450 2214 528 2268 3810.
554 2211 631 2265 3853.
656 2207 734 2266 3800.
760 2205 837 2260 3000.
862 2203 939 2259 3000.
958 2205 1037 2259 3000.
1058 2203 1134 2258 1010.

258 2287 336 2343 1030.
356 2285 434 2342 1030.
460 2287 581 2352 Sospes
601 2281 669 2334 nites
684 2294 735 2347 pro
751 2275 899 2343 municipiis
911 2273 966 2326 suis
983 2273 1135 2342 legationes

259 2357 416 2428 suscipiunt.
453 2353 508 2408 Cic.
528 2368 567 2422 pr.
611 2351 679 2404 lenc.
698 2349 731 2411 8,
755 2343 799 2399 01,
836 2343 947 2410 „ilarius
966 2341 1137 2425 praelectum

259 2427 341 2497 plens
358 2427 476 2480 virorum
494 2422 708 2482 fortissimorum,
725 2416 766 2468 sic
783 2413 900 2468 utnulla
918 2419 975 2462 totu
989 2409 1137 2494 ltnlranire-

260 2497 386 2566 quentior
411 2494 463 2546 dici
482 2493 575 2562 possit.
611 2489 701 2547 Quum
721 2484 829 2554 quidem
848 2496 916 2532 ntruc
942 2478 1136 2564 multitudinem

259 2564 374 2630 videtis,
398 2564 518 2628 iudices,
543 2562 568 2614 in
586 2557 712 2629 squalore
731 2561 758 2605 et
774 2554 848 2605 luctu
873 2549 1022 2618 supplicem
1047 2549 1137 2602 vobis.

260 2635 302 2690 lli
325 2643 379 2688 tot
405 2634 545 2702 equites
563 2624 719 2686 Romani,
745 2629 785 2674 tot
805 2619 901 2674 tribuni
920 2619 1019 2672 aerarii
1037 2616 1091 2685 (ci.
1111 2636 1136 2687 p.

259 2707 294 2761 10
318 2723 343 2758 ιι.
368 2705 420 2772 33)
448 2701 511 2771 quid
536 2697 671 2770 dignitatis
696 2691 774 2745 buius
800 2688 921 2760 petitioni
945 2687 1137 2740 attuleruuti“

259 2775 294 2828 ci.
314 2773 457 2828 Cluverr.
478 2775 502 2836 1,
521 2770 546 2824 3.
573 2771 599 2830 0,
617 2767 643 2830 0,
662 2765 704 2820 to.
732 2759 759 2826 0,
778 2759 803 2824 3,
822 2759 864 2815 31.
892 2775 933 2827 pr.
944 2759 1021 2811 Sext
1031 2759 1074 2822 33,
1093 2757 1136 2814 03.

259 2843 416 2915 pellicent.
435 2839 479 2894 00.
508 2838 542 2891 ad
562 2837 624 2889 istu.
645 2833 686 2898 13,
707 2829 748 2883 11.
781 2829 885 2882 Postea
903 2845 937 2880 ne
956 2827 990 2880 1ιιι
1012 2835 1137 2881 eratores

278 2913 367 2966 uidem
385 2907 561 2978 municipales
583 2905 701 2958 bonores
719 2899 857 2970 dedignati
874 2906 945 2952 sunt.
1007 2937 1013 2949 .
1033 2913 1101 2966 quos
1118 2897 1136 2950 l.

259 2931 362 3036 dieunt
380 2980 437 3034 Atti
458 2981 469 3033 l
491 2993 516 3046 p.
538 2980 587 3032 171
597 2991 622 3026 ιι.

228 3078 265 3148 ¹²)
283 3075 462 3128 Patronorum
481 3070 581 3140 duplex
599 3083 683 3139 genus
702 3072 753 3127 est,
772 3062 935 3125 alterorum,
955 3059 1010 3130 qui,
1028 3058 1137 3129 „digni-

261 3153 331 3199 tates
350 3141 483 3210 Principis
500 3140 599 3192 iudicio
618 3135 784 3198 consecuti,“
803 3129 883 3200 (Dig.
901 3129 944 3213 50,
969 3130 994 3183 3.
1031 3128 1065 3182 de
1083 3129 1136 3182 alb.

263 3213 344 3268 scrib.
363 3214 391 3278 0)
410 3228 427 3262 ιι
445 3208 596 3264 tnuneribus
614 3203 816 3272 municipalibus
835 3200 939 3253 liberati
959 3207 1050 3252 erent:
1070 3198 1135 3252 alte·

262 3299 362 3346 rorum,
375 3280 477 3349 quibus,
492 3294 641 3349 quanquam
653 3277 723 3328 inter
735 3271 903 3324 liecuriones
917 3287 970 3322 non
984 3277 1071 3333 erent,
1088 3267 1135 3321 iro·

262 3352 387 3406 notarius
405 3359 493 3404 tamen
513 3349 603 3401 cttriae
627 3349 785 3413 patronatus
806 3340 986 3393 Decus-ionum
1009 3337 1134 3408 suffragio

263 3423 342 3475 datus
361 3429 411 3475 est.
445 3437 472 3473 v.
492 3417 614 3485 savigny
641 3413 673 3466 G.
698 3411 724 3462 d.
744 3408 821 3461 lilim.
840 3409 873 3460 R.
898 3410 933 3460 im
951 3408 992 3459 lii.
1014 3410 1025 3461 1
1047 3425 1073 3476 p.
1092 3407 1134 3461 08.

261 3491 291 3548 Ιιι
309 3491 372 3545 albo
392 3489 574 3543 Decurlouum
594 3483 703 3536 Contuli
720 3497 764 3548 up.
776 3476 895 3530 l'ebretti
915 3495 939 3546 p.
959 3475 1019 3532 508.
1049 3475 1134 3532 Orell.

261 3579 287 3616 ιι.
305 3560 380 3614 3701.
418 3557 527 3627 triginta
546 3552 653 3623 [retroni
674 3569 688 3604 e
706 3553 869 3603 Senatorum
888 3548 1069 3601 Romanorum
1088 3564 1134 3600 ιιιι-

260 3647 350 3697 mero,
377 3629 431 3682 duo
455 3625 561 3696 patroni
587 3622 699 3692 Equites
718 3616 832 3672 Romutrl
855 3617 1038 3679 inveniuntur3
1064 3617 1135 3684 equi·

261 3711 371 3770 tesque,
398 3697 442 3767 qui
461 3704 551 3748 tamen
568 3701 682 3778 propter
701 3690 772 3742 itanc
796 3695 967 3756 patronatum
992 3703 1045 3739 non
1069 3684 1135 3738 iudi·

259 3771 337 3824 candi
363 3775 423 3821 sunt
449 3783 544 3819 omrtes
569 3779 595 3814 ιιι
617 3759 766 3828 municipiis
784 3757 965 3821 habitavisse,
988 3755 1072 3808 babes
1091 3773 1107 3806 ιι
1128 3795 1134 3807 .

259 3839 346 3892 Orell.
362 3856 388 3891 ιι.
403 3837 481 3892 3703.
496 3831 573 3886 3700.
592 3829 669 3884 3708.
687 3829 763 3881 3835.
776 3827 852 3880 3853.
867 3827 945 3882 3838.
961 3827 1038 3882 3888.
1055 3773 1133 3882 3800.

261 3905 336 3960 Grut.
355 3924 381 3975 p.
399 3907 460 3968 180,
477 3904 503 3956 5.
541 3900 614 3953 Doni
632 3917 657 3968 p.
676 3896 725 3952 183
744 3912 769 3948 ιι.
788 3893 831 3948 88.

229 4005 264 4071 ²⁸)
283 3998 377 4054 Gades
395 3998 466 4048 euim
490 3993 660 4063 municipium
686 3997 751 4042 erat.
787 4004 813 4038 v.
832 3987 908 4039 locos
933 4003 976 4055 ap.
995 3987 1085 4040 111ιιι1
1102 3987 1135 4040 G.

261 4071 287 4123 d.
307 4071 340 4123 G.
359 4085 383 4121 ιι.
402 4065 435 4119 lt.
454 4068 481 4128 0,
500 4083 525 4135 p.
545 4065 605 4119 386.
642 4061 686 4114 De
705 4057 837 4126 equitibus
855 4055 944 4110 Strub.
963 4056 980 4108 3
999 4072 1024 4123 p.
1043 4053 1091 4106 071
1103 4056 1134 4108 T.

259 4142 328 4194 ’ituri
346 4140 440 4204 πλήθει
457 4155 488 4208 ys
506 4132 632 4204 οὐδεμιᾶς
659 4130 694 4183 dr
712 4130 901 4181 ἀπολείπεσθαι
920 4127 999 4187 δόξειε
1018 4127 1069 4210 fuir
1086 4128 1135 4187 ἔξω

257 4211 364 4279 Ῥώμης
381 4208 495 4258 πόλεων·
515 4205 612 4270 ἥκουσα
629 4201 695 4271 γαῖν
713 4203 741 4251 lv
758 4199 810 4270 μιᾷ
826 4199 877 4250 seir
893 4197 955 4247 καθ’
975 4195 1042 4265 ἡμας
1060 4200 1134 4266 τιμή-

259 4297 327 4334 σεων
337 4278 521 4329 πεντακοσίους
533 4273 635 4340 ἄνδρας
647 4271 803 4341 ιιμηθένιιις
817 4265 939 4322 inusseris
949 4265 1135 4328 recenseatis,

261 4349 337 4405 ὅσους
355 4345 463 4399 οὐδένας
481 4343 541 4395 οὐδὲ
560 4347 612 4394 τῶν
621 4339 768 4392 Ἰταλιωτῶν
785 4335 851 4402 πλὴν
868 4337 919 4389 τῶν
931 4341 965 4408 Ι11
968 4341 1136 4389 monstror.

227 4423 688 4561 “italaabstinuit
703 4418 1136 4553 astrictissime

260 4573 385 4626 ludorum
401 4569 444 4622 die
458 4564 539 4620 anulo
554 4578 638 4617 aureo
652 4557 887 4614 ι1ιιιιιιιιιιιιίιι11111
898 4575 1002 4612 sessum
1016 4557 1136 4612 deduxit

226 4663 264 4727 ³⁰)
281 4656 382 4712 Strabo
403 4655 422 4708 l.
440 4653 458 4710 l.

228 4747 265 4815 ²¹)
283 4742 319 4798 V.
332 4739 481 4810 Eybenium
500 4755 523 4791 c.
544 4735 583 4792 10.
602 4752 628 4806 p.
644 4732 720 4786 1107.
747 4729 841 4814 lllultls
859 4729 928 4782 enlm
947 4729 974 4782 in
988 4727 1138 4798 municipiis

262 4823 318 4867 tres
333 4809 443 4862 ordines
458 4807 646 4870 censebuntur,
663 4803 841 4862 Decurionrs,
861 4798 1032 4866 Augustales,
1052 4799 1138 4867 plebs.

260 4901 286 4937 v.
307 4879 393 4936 Orelli
418 4893 442 4928 ιι.
469 4876 545 4932 3030.
570 4875 647 4932 3701.
673 4871 751 4926 3703.
777 4869 854 4922 3807.
879 4859 948 4922 3077
972 4877 999 4919 et
1020 4869 1137 4936 saepius.

259 4949 430 5006 Decurioues
449 4961 638 5015 nonuunquam
657 4945 835 5002 Senatorum,
861 4945 889 4989 ut
909 4934 1050 4990 liuumviri
1068 4939 1137 4990 (λιιι-

261 5022 349 5076 sulum
367 5033 464 5072 nomeu
484 5016 658 5084 usurpabant,
676 5011 740 5083 (Or.
760 5029 785 5064 n.
797 5007 867 5062 0170
886 5014 913 5060 et
927 5006 1016 5060 Voti
1033 5025 1060 5078 p.
1076 5007 1136 5076 170)

1235 1922 1286 1976 sed
1314 1923 1338 1977 A
1377 1923 1477 1978 ustsles
1505 1923 1608 1991 equites
1637 1923 1789 1993 appellatos
1815 1922 1899 1978 luisse
1930 1925 1983 1978 iam
2014 1925 2116 1982 idcirco

1235 1993 1360 2062 improba
1380 1993 1415 2045 ile
1439 2001 1496 2056 est,
1525 1991 1597 2060 quod
1621 1993 1649 2046 1ιι
1673 1992 1810 2063 plerisque
1832 1995 1980 2064 municipiis
2009 1996 2114 2064 equites
2226 2007 2230 2016 ’

1235 2062 1350 2116 Romani
1369 2071 1453 2116 erant
1481 2061 1519 2114 lta
1540 2079 1573 2115 ue
1589 2062 1696 2132 utrique
1714 2065 1767 2116 und
1785 2064 1957 2118 inveniuntur
1975 2065 2001 2116 in
2019 2066 2113 2120 inscri-

1256 2133 1389 2192 tioulbus,
1417 2141 1444 2184 ut
1463 2149 1505 2200 sp.
1554 2131 1611 2184 rell.
1634 2149 1658 2184 ιι.
1677 2133 1755 2187 3030.
1796 2134 1830 2187 A.
1855 2134 2012 2187 Antonio
2038 2135 2070 2187 A.
2094 2133 2114 2189 i.

1235 2149 1356 2270 Pomp.
1376 2200 1568 2273 Pelagiano
1587 2199 1634 2254 llil
1653 2201 1740 2255 Viro
1758 2203 1871 2270 equiti
1889 2204 2041 2256 Romano
2061 2219 2115 2258 ru·

1237 2271 1378 2324 rissimo
1403 2271 1780 2339 innocentissimoque
1803 2273 1961 2326 curatori
1980 2272 2011 2325 li.
2031 2272 2063 2328 P.
2082 2282 2115 2327 et

1237 2349 1388 2409 patrono
1407 2339 1629 2394 Decurloses
1648 2340 1865 2410 Augustales
1885 2350 1919 2394 st
1936 2341 2037 2411 plebs
2056 2343 2114 2397 Pe·

1238 2409 1433 2464 telinorum.
1469 2409 1568 2480 Neque
1585 2417 1652 2481 puto
1670 2410 1823 2464 sententiae
1847 2425 1924 2464 meae
1942 2411 2053 2468 obstsre
2074 2413 2113 2466 in·

1236 2478 1408 2547 scriptionem
1428 2479 1636 2550 Lugdunensem
1654 2496 1671 2532 a
1691 2479 1787 2534 .Grut.
1801 2479 1861 2544 131,
1877 2482 1898 2535 l.
1926 2479 1976 2534 Or.
1996 2498 2021 2533 ιι.
2035 2481 2114 2547 1000,

1238 2561 1292 2615 qua
1310 2550 1455 2602 memoriae
1474 2550 1604 2616 traditur,
1628 2551 1657 2604 S.
1672 2497 1709 2604 Li
1729 2551 1814 2604 urium
1832 2549 1964 2616 quendam
1982 2551 2020 2603 1ιι·
2035 2551 2114 2672 largi·

1238 2617 1313 2670 tione
1338 2618 1374 2670 ob
1399 2617 1529 2673 bonorem
1556 2619 1678 2689 perpetui
1723 2617 1878 2672 ontiticatus
1901 2629 2042 2689 acceptum
2087 2637 2114 2672 e·

1238 2684 1312 2738 disse
1330 2685 1524 2742 decurionibus·
1536 2688 1663 2742 denarios
1681 2687 1716 2754 V,
1741 2687 1828 2740 ordini
1853 2691 1987 2756 equestri,
2010 2687 2114 2744 virtuts

1237 2756 1445 2824 Augustalibus,
1471 2775 1505 2811 ue
1524 2757 1683 2812 otiatoribus
1707 2757 1818 2812 vinariis
1843 2756 1905 2810 den.
1930 2758 1982 2823 111,
2009 2768 2036 2812 et
2057 2776 2113 2812 om·

1239 2823 1317 2878 nibus
1337 2777 1637 2896 corporibusdrugduni
1662 2827 1735 2882 licite
1759 2827 1919 2880 coeuntibus
1937 2827 2063 2882 denarios
2081 2825 2113 2880 ll.

1240 2893 1270 2946 1ιι
1288 2893 1340 2946 bae
1358 2897 1429 2950 enim
1448 2904 1510 2966 post
1527 2897 1692 2952 decuriones
1710 2897 1881 2952 nomlnsntur
1900 2898 2021 2966 equites,
2048 2896 2113 2952 ello·

1240 2964 1303 3032 quin
1329 2964 1416 3018 biset
1435 2963 1561 3020 censu'et
1581 2967 1710 3038 dignitate
1728 2966 1809 3037 louge
1825 2968 1995 3035 superiores,
2023 2968 2066 3033 (v.
2087 2983 2111 3019 ιι.

1238 3033 1281 3087 00.
1301 3031 1348 3099 07)
1367 3043 1512 3103 tenentque
1530 3036 1715 3106 Augustalium
1734 3035 1831 3089 locum.
1859 3035 1913 3088 Sed
1933 3043 1999 3105 puto
2017 3035 2044 3088 in
2062 3034 2114 3088 bac

1224 3117 1270 3162 ¹re
1288 3103 1398 3157 multum
1413 3104 1484 3159 inter
1498 3105 1641 3172 municipia
1654 3104 1815 3157 interfuisse.
1842 3102 1914 3156 Nam
1930 3113 1990 3157 eret
2006 3103 2113 3174 quidem
2138 3109 2139 3114 ’

1239 3169 1413 3225 decurionum
1439 3183 1528 3226 certus
1553 3189 1664 3236 census,
1689 3171 1738 3225 sed
1763 3189 1817 3225 uon
1842 3172 1912 3226 idem
1937 3175 1964 3225 iu
1990 3173 2113 3226 omnibus

1238 3242 1402 3310 municipiis;
1422 3244 1634 3310 creabanturque
1648 3241 1808 3294 decuriones
1825 3259 1860 3294 ex
1881 3243 1922 3308 ils,
1940 3243 2029 3310 quiin
2047 3258 2112 3310 quo-

1237 3309 2112 3449 tltlttt‘ttlttt¹¹².tt..tt'‘t'tt¹.it¹’tlt2t..l¹·tritt!

1236 3449 1280 3512 00,
1302 3451 1355 3517 10).
1392 3446 1475 3505 Quod
1494 3449 1515 3500 si
1533 3451 1562 3502 iu
1580 3449 1630 3502 bac
1649 3450 1759 3502 civitate
1777 3448 1872 3518 aliquis
1895 3457 1967 3514 ιιιιιῑ,
1987 3451 2030 3518 qui
2050 3467 2112 3518 qua·

1236 3516 1348 3586 druplex
1368 3519 1425 3574 eins
1441 3534 1570 3582 summae,
1588 3519 1605 3571 l.
1616 3534 1640 3570 e.
1652 3534 1761 3570 censum
1779 3529 1931 3586 equestrem
1948 3519 2111 3588 possideret,
2194 3519 2196 3525 '

1236 3587 1263 3639 1ιι
1283 3603 1378 3656 magno
1403 3589 1426 3639 is
1448 3604 1509 3640 esse
1527 3585 1632 3640 bonore
1650 3585 1748 3638 debuit.
1787 3587 1888 3638 Contra
1906 3587 2042 3651 Gadibus,
2068 3586 2112 3641 ubi

1238 3658 1374 3727 quingenti
1389 3656 1466 3710 buius
1482 3673 1578 3710 census
1594 3655 1714 3716 homines
1730 3662 1814 3720 erunt,
1834 3654 1995 3709 decuriones
2012 3665 2112 3722 utitem,

1237 3727 1259 3778 si
1278 3727 1432 3778 coniectura
1450 3725 1510 3779 lieri
1549 3733 1620 3778 otest
1637 3742 1654 3776 ιι
1673 3724 1769 3776 ceteris
1787 3725 1951 3794 municipiis,
1978 3726 2112 3797 <Savigny

1235 3795 1252 3848 l.
1272 3795 1289 3847 1.
1315 3813 1341 3864 p.
1359 3795 1411 3864 68)
1436 3745 1602 3866 uon'pidres
1627 3810 1706 3862 quam
1724 3801 1846 3860 centurn,
1869 3803 1943 3847 certe
1987 3796 2113 3849 auctores

1236 3865 1405 3986 quingentis,
1431 3865 1454 3918 sl
1479 3864 1638 3918 decuriones
1663 3863 1821 3932 legebantur
1845 3879 1860 3914 e
1883 3812 2112 3934 locupidtissimirq

1248 3935 1297 3986 teri
1316 3951 1369 3987 nou
1389 3936 1489 4004 proluit,
1518 3935 1579 4002 quin
1598 3933 1677 3985 etium
1704 3932 1807 4000 equites
1825 3932 1940 3986 Romani
1964 3933 2112 3988 secundum

1237 4002 1325 4054 locum
1351 4011 1481 4057 tenerent.
1523 4001 1683 4074 Lugdunum
1707 4011 1796 4056 autem
1821 4009 1848 4055 et
1868 4001 1962 4056 Narbo
1987 4004 2112 4056 civitates

1237 4070 1340 4124 Galliae
1359 4075 1491 4126 maximae
1509 4081 1594 4136 erant,
1612 4071 1678 4124 illud
1695 4079 1848 4125 mercatura
1864 4071 1988 4138 docebat,
2007 4074 2112 4141 viisque

1237 4157 1296 4194 cum
1316 4141 1403 4194 Gallia
1422 4151 1480 4194 totu
1500 4141 1627 4210 italiaque
1646 4142 1815 4194 coniunctum
1835 4149 1909 4194 errat:
1931 4143 1968 4194 ita
1986 4143 2114 4195 accidere

1236 4211 1337 4280 poturit,
1363 4219 1390 4263 ut
1410 4211 1488 4263 etium
1509 4211 1632 4282 Lugduni
1651 4220 1755 4274 essent,
1783 4211 1827 4278 qui
1845 4211 1974 4264 maiorem
1993 4213 2111 4280 equestri

1238 4297 1347 4332 censum
1366 4279 1513 4344 habereut,
1539 4281 1695 4350 equitesque
1713 4279 1827 4331 Romani
1851 4279 1998 4334 secundum
2021 4281 2110 4334 locum

1238 4357 1369 4402 tenerent.

1205 4455 1241 4523 ³²)
1260 4449 1299 4506 lta
1325 4451 1497 4522 intelligenda
1522 4461 1563 4506 est
1586 4452 1667 4506 inser.
1685 4449 1826 4505 Narbone.
1848 4468 1891 4520 ap.
1911 4448 1962 4506 Οι.
1981 4469 2007 4506 ιι.
2025 4449 2112 4517 0180,

1239 4523 1264 4576 1ιι
1284 4538 1336 4590 qun
1355 4533 1580 4576 commemoratur
1598 4521 1740 4592 collegium
1759 4521 1858 4574 trium
1877 4521 2033 4591 equitum
2051 4521 2111 4574 Ro·

1240 4607 1453 4646 muoorumu
1478 4589 1580 4660 plebe
1605 4592 1641 4661 (i.
1661 4608 1683 4644 e.
1703 4606 1756 4644 ιιοιι
1776 4589 1878 4642 Romae
1896 4599 2037 4652 natorum,
2061 4589 2112 4641 sed

1240 4661 1353 4731 aplebe
1371 4657 1597 4728 Narbouueusi,)
1623 4661 1754 4728 triumque
1775 4658 1966 4713 libertinorum.
2002 4658 2112 4712 Plebs

1240 4731 1309 4783 enirn
1328 4731 1371 4783 rei
1390 4730 1540 4798 populus
1559 4731 1705 4799 opponitur
1722 4727 1983 4782 Decurionibus
2002 4725 2065 4796 (0r.
2086 4745 2111 4781 ιι.

1240 4800 1317 4852 3701.
1335 4799 1411 4856 3705.
1431 4799 1506 4854 :tt-to.
1526 4797 1603 4853 3708.
1623 4799 1700 4854 3703.
1737 4797 1769 4852 V.
1788 4796 1906 4851 Grameri
1932 4796 1995 4850 diss.
2020 4797 2054 4850 de
2073 4797 2111 4850 iu·

1240 4869 1329 4921 venib.
1348 4886 1392 4938 up.
1412 4867 1592 4923 Callistratum
1612 4865 1715 4938 Opusc.
1740 4886 1765 4937 p.
1784 4869 1831 4928 01;
1860 4866 1902 4933 qui
1922 4883 1991 4934 quae
2014 4865 2112 4920 eodem

1238 4937 1301 4992 loco
1327 4937 1362 4990 de
1386 4938 1518 5006 equitibus
1543 4937 1746 5008 municipalibus
1763 4933 1852 5000 addit,
1877 4934 1913 4986 ad
1932 4953 1964 4987 eu
1987 4935 2111 5000 redeunt,

1241 5023 1309 5076 quae
1339 5008 1367 5062 in
1398 5017 1463 5062 uota
1491 5008 1671 5062 antecedente
1701 5003 1824 5060 refutavi.
1875 5003 1971 5075 Longe
2001 5006 2111 5072 rectius,

1656 5097 1693 5163 10
