<?xml version="1.0" encoding="UTF-8"?>
<!DOCTYPE html PUBLIC "-//W3C//DTD XHTML 1.0 Transitional//EN"
    "http://www.w3.org/TR/xhtml1/DTD/xhtml1-transitional.dtd">
<html xmlns="http://www.w3.org/1999/xhtml" xml:lang="en" lang="en">
 <head>
  <title>
</title>
<meta http-equiv="Content-Type" content="text/html;charset=utf-8" />
  <meta name='ocr-system' content='tesseract 3.04.00' />
  <meta name='ocr-capabilities' content='ocr_page ocr_carea ocr_par ocr_line ocrx_word'/>
</head>
<body>
  <div class='ocr_page' id='page_1' title='image "./historiaeequitu00marqgoog_0051.png"; bbox 0 0 5254 6186; ppageno 0'>
   <div class='ocr_carea' id='block_1_1' title="bbox 513 549 593 634">
    <p class='ocr_par' dir='ltr' id='par_1_1' title="bbox 513 549 593 634">
     <span class='ocr_line' id='line_1_1' title="bbox 513 549 593 634; baseline 0 0"><span class='ocrx_word' id='word_1_1' title='bbox 513 549 593 634; x_wconf 78' lang='grc'><strong>40</strong></span> 
     </span>
    </p>
   </div>
   <div class='ocr_carea' id='block_1_2' title="bbox 420 765 2464 4620">
    <p class='ocr_par' dir='ltr' id='par_1_2' title="bbox 514 765 2460 1593">
     <span class='ocr_line' id='line_1_2' title="bbox 514 765 2393 875; baseline -0.003 -17"><span class='ocrx_word' id='word_1_2' title='bbox 514 786 566 864; x_wconf 87' lang='lat' dir='ltr'><strong>ltl.</strong></span> <span class='ocrx_word' id='word_1_3' title='bbox 592 774 745 865; x_wconf 84' lang='lat' dir='ltr'><strong>Attilio,</strong></span> <span class='ocrx_word' id='word_1_4' title='bbox 777 771 839 871; x_wconf 91' lang='lat' dir='ltr'><strong>qui</strong></span> <span class='ocrx_word' id='word_1_5' title='bbox 866 769 913 846; x_wconf 89' lang='lat' dir='ltr'><strong>de</strong></span> <span class='ocrx_word' id='word_1_6' title='bbox 940 768 1132 858; x_wconf 81' lang='lat' dir='ltr'><strong>maiestate</strong></span> <span class='ocrx_word' id='word_1_7' title='bbox 1159 765 1351 844; x_wconf 88' lang='lat' dir='ltr'><strong>damnatus</strong></span> <span class='ocrx_word' id='word_1_8' title='bbox 1378 778 1454 860; x_wconf 90' lang='lat' dir='ltr'><strong>est,</strong></span> <span class='ocrx_word' id='word_1_9' title='bbox 1480 769 1560 843; x_wconf 83' lang='lat' dir='ltr'><strong>&#39;boc</strong></span> <span class='ocrx_word' id='word_1_10' title='bbox 1584 770 1736 870; x_wconf 90' lang='lat' dir='ltr'><strong>planum</strong></span> <span class='ocrx_word' id='word_1_11' title='bbox 1761 770 2002 865; x_wconf 84' lang='lat' dir='ltr'><strong>factumest,</strong></span> <span class='ocrx_word' id='word_1_12' title='bbox 2033 795 2098 850; x_wconf 91' lang='lat' dir='ltr'><strong>eos</strong></span> <span class='ocrx_word' id='word_1_13' title='bbox 2124 771 2329 875; x_wconf 72' lang='lat' dir='ltr'><strong>pecuniam,</strong></span> <span class='ocrx_word' id='word_1_14' title='bbox 2344 778 2393 854; x_wconf 91' lang='lat' dir='ltr'><strong>ob</strong></span> 
     </span>
     <span class='ocr_line' id='line_1_3' title="bbox 515 884 2394 991; baseline -0.006 -9"><span class='ocrx_word' id='word_1_15' title='bbox 515 928 593 982; x_wconf 91' lang='lat' dir='ltr'><strong>rem</strong></span> <span class='ocrx_word' id='word_1_16' title='bbox 619 889 853 973; x_wconf 87' lang='lat' dir='ltr'><strong>iudicandam</strong></span> <span class='ocrx_word' id='word_1_17' title='bbox 879 884 1089 986; x_wconf 84' lang='lat' dir='ltr'><strong>accepisse3</strong></span> <span class='ocrx_word' id='word_1_18' title='bbox 1116 887 1215 985; x_wconf 92' lang='lat' dir='ltr'><strong>quod</strong></span> <span class='ocrx_word' id='word_1_19' title='bbox 1240 885 1383 962; x_wconf 77' lang='lat' dir='ltr'><strong>inventi</strong></span> <span class='ocrx_word' id='word_1_20' title='bbox 1410 897 1497 962; x_wconf 83' lang='lat' dir='ltr'><strong>sunt</strong></span> <span class='ocrx_word' id='word_1_21' title='bbox 1521 896 1726 980; x_wconf 82' lang='lat' dir='ltr'><strong>senatores,</strong></span> <span class='ocrx_word' id='word_1_22' title='bbox 1753 887 1815 986; x_wconf 89' lang='lat' dir='ltr'><strong>qui</strong></span> <span class='ocrx_word' id='word_1_23' title='bbox 1841 890 1883 963; x_wconf 84' lang='lat' dir='ltr'><strong>G.</strong></span> <span class='ocrx_word' id='word_1_24' title='bbox 1907 890 2029 966; x_wconf 85' lang='lat' dir='ltr'><strong>Verre</strong></span> <span class='ocrx_word' id='word_1_25' title='bbox 2054 902 2227 991; x_wconf 89' lang='lat' dir='ltr'><strong>praetore</strong></span> <span class='ocrx_word' id='word_1_26' title='bbox 2253 898 2394 970; x_wconf 90' lang='lat' dir='ltr'><strong>urbano</strong></span> 
     </span>
     <span class='ocr_line' id='line_1_4' title="bbox 515 1003 2396 1105; baseline -0.005 -8"><span class='ocrx_word' id='word_1_27' title='bbox 515 1017 714 1102; x_wconf 90' lang='lat' dir='ltr'><strong>sortiente,</strong></span> <span class='ocrx_word' id='word_1_28' title='bbox 741 1005 889 1083; x_wconf 67' lang='lat' dir='ltr'><strong>exuent</strong></span> <span class='ocrx_word' id='word_1_29' title='bbox 913 1004 952 1078; x_wconf 91' lang='lat' dir='ltr'><strong>in</strong></span> <span class='ocrx_word' id='word_1_30' title='bbox 979 1028 1063 1080; x_wconf 92' lang='lat' dir='ltr'><strong>eum</strong></span> <span class='ocrx_word' id='word_1_31' title='bbox 1088 1028 1213 1096; x_wconf 89' lang='lat' dir='ltr'><strong>reum,</strong></span> <span class='ocrx_word' id='word_1_32' title='bbox 1239 1028 1349 1102; x_wconf 89' lang='lat' dir='ltr'><strong>quem</strong></span> <span class='ocrx_word' id='word_1_33' title='bbox 1374 1003 1562 1103; x_wconf 86' lang='lat' dir='ltr'><strong>incognita</strong></span> <span class='ocrx_word' id='word_1_34' title='bbox 1588 1029 1720 1080; x_wconf 85' lang='lat' dir='ltr'><strong>caussa</strong></span> <span class='ocrx_word' id='word_1_35' title='bbox 1744 1005 1976 1100; x_wconf 82' lang='lat' dir='ltr'><strong>damnarent3</strong></span> <span class='ocrx_word' id='word_1_36' title='bbox 2013 1005 2111 1105; x_wconf 91' lang='lat' dir='ltr'><strong>quod</strong></span> <span class='ocrx_word' id='word_1_37' title='bbox 2137 1009 2310 1086; x_wconf 87' lang='lat' dir='ltr'><strong>inventus</strong></span> <span class='ocrx_word' id='word_1_38' title='bbox 2335 1020 2396 1088; x_wconf 87' lang='lat' dir='ltr'><strong>est</strong></span> 
     </span>
     <span class='ocr_line' id='line_1_5' title="bbox 516 1121 2394 1226; baseline -0.003 -17"><span class='ocrx_word' id='word_1_39' title='bbox 516 1145 677 1223; x_wconf 78' lang='lat' dir='ltr'><strong>senator,</strong></span> <span class='ocrx_word' id='word_1_40' title='bbox 704 1125 779 1225; x_wconf 92' lang='lat' dir='ltr'><strong>qui,</strong></span> <span class='ocrx_word' id='word_1_41' title='bbox 806 1149 917 1223; x_wconf 91' lang='lat' dir='ltr'><strong>quum</strong></span> <span class='ocrx_word' id='word_1_42' title='bbox 942 1121 1057 1196; x_wconf 84' lang='lat' dir='ltr'><strong>iudex</strong></span> <span class='ocrx_word' id='word_1_43' title='bbox 1083 1131 1196 1212; x_wconf 89' lang='lat' dir='ltr'><strong>esset,</strong></span> <span class='ocrx_word' id='word_1_44' title='bbox 1222 1122 1261 1197; x_wconf 90' lang='lat' dir='ltr'><strong>in</strong></span> <span class='ocrx_word' id='word_1_45' title='bbox 1288 1121 1420 1197; x_wconf 91' lang='lat' dir='ltr'><strong>eodem</strong></span> <span class='ocrx_word' id='word_1_46' title='bbox 1447 1121 1584 1196; x_wconf 90' lang='lat' dir='ltr'><strong>iudicio</strong></span> <span class='ocrx_word' id='word_1_47' title='bbox 1612 1133 1650 1196; x_wconf 93' lang='lat' dir='ltr'><strong>et</strong></span> <span class='ocrx_word' id='word_1_48' title='bbox 1676 1125 1721 1197; x_wconf 91' lang='lat' dir='ltr'><strong>ab</strong></span> <span class='ocrx_word' id='word_1_49' title='bbox 1746 1147 1813 1198; x_wconf 92' lang='lat' dir='ltr'><strong>reo</strong></span> <span class='ocrx_word' id='word_1_50' title='bbox 1840 1124 2034 1224; x_wconf 90' lang='lat' dir='ltr'><strong>pecuniam</strong></span> <span class='ocrx_word' id='word_1_51' title='bbox 2060 1126 2259 1226; x_wconf 90' lang='lat' dir='ltr'><strong>acciperet,</strong></span> <span class='ocrx_word' id='word_1_52' title='bbox 2286 1153 2394 1226; x_wconf 91' lang='lat' dir='ltr'><strong>quam</strong></span> 
     </span>
     <span class='ocr_line' id='line_1_6' title="bbox 517 1239 2460 1346; baseline -0.007 -14"><span class='ocrx_word' id='word_1_53' title='bbox 517 1251 701 1332; x_wconf 89' lang='lat' dir='ltr'><strong>iudicibus</strong></span> <span class='ocrx_word' id='word_1_54' title='bbox 728 1241 925 1331; x_wconf 81' lang='lat' dir='ltr'><strong>divideret,</strong></span> <span class='ocrx_word' id='word_1_55' title='bbox 952 1249 991 1314; x_wconf 92' lang='lat' dir='ltr'><strong>et</strong></span> <span class='ocrx_word' id='word_1_56' title='bbox 1012 1241 1056 1313; x_wconf 92' lang='lat' dir='ltr'><strong>ab</strong></span> <span class='ocrx_word' id='word_1_57' title='bbox 1083 1249 1309 1331; x_wconf 79' lang='lat' dir='ltr'><strong>accusatore,</strong></span> <span class='ocrx_word' id='word_1_58' title='bbox 1336 1249 1377 1314; x_wconf 93' lang='lat' dir='ltr'><strong>ut</strong></span> <span class='ocrx_word' id='word_1_59' title='bbox 1399 1263 1505 1314; x_wconf 89' lang='lat' dir='ltr'><strong>reum</strong></span> <span class='ocrx_word' id='word_1_60' title='bbox 1531 1239 1758 1314; x_wconf 87' lang='lat' dir='ltr'><strong>damnaret.“</strong></span> <span class='ocrx_word' id='word_1_61' title='bbox 1798 1242 1875 1316; x_wconf 91' lang='lat' dir='ltr'><strong>His</strong></span> <span class='ocrx_word' id='word_1_62' title='bbox 1901 1252 2010 1341; x_wconf 90' lang='lat' dir='ltr'><strong>atque</strong></span> <span class='ocrx_word' id='word_1_63' title='bbox 2035 1243 2249 1319; x_wconf 89' lang='lat' dir='ltr'><strong>huiusmodi</strong></span> <span class='ocrx_word' id='word_1_64' title='bbox 2274 1246 2394 1346; x_wconf 91' lang='lat' dir='ltr'><strong>plura,</strong></span> <span class='ocrx_word' id='word_1_65' title='bbox 2435 1276 2460 1288; x_wconf 93' lang='lat'><strong>··</strong></span> 
     </span>
     <span class='ocr_line' id='line_1_7' title="bbox 517 1355 2398 1474; baseline -0.005 -26"><span class='ocrx_word' id='word_1_66' title='bbox 517 1397 611 1474; x_wconf 89' lang='lat' dir='ltr'><strong>quae</strong></span> <span class='ocrx_word' id='word_1_67' title='bbox 637 1371 724 1442; x_wconf 90' lang='lat' dir='ltr'><strong>sunt</strong></span> <span class='ocrx_word' id='word_1_68' title='bbox 749 1360 848 1460; x_wconf 92' lang='lat' dir='ltr'><strong>apud</strong></span> <span class='ocrx_word' id='word_1_69' title='bbox 874 1357 1112 1448; x_wconf 81' lang='lat' dir='ltr'><strong>Ciceronem,</strong></span> <span class='ocrx_word' id='word_1_70' title='bbox 1130 1355 1180 1456; x_wconf 78' lang='lat'><strong>²⁰)</strong></span> <span class='ocrx_word' id='word_1_71' title='bbox 1214 1356 1471 1455; x_wconf 83' lang='lat' dir='ltr'><strong>reputantibus</strong></span> <span class='ocrx_word' id='word_1_72' title='bbox 1499 1355 1650 1432; x_wconf 91' lang='lat' dir='ltr'><strong>dubium</strong></span> <span class='ocrx_word' id='word_1_73' title='bbox 1675 1381 1750 1433; x_wconf 91' lang='lat' dir='ltr'><strong>non</strong></span> <span class='ocrx_word' id='word_1_74' title='bbox 1777 1369 1858 1434; x_wconf 91' lang='lat' dir='ltr'><strong>erat</strong></span> <span class='ocrx_word' id='word_1_75' title='bbox 1888 1359 2155 1461; x_wconf 77' lang='lat' dir='ltr'><strong>rempublicam</strong></span> <span class='ocrx_word' id='word_1_76' title='bbox 2188 1371 2288 1436; x_wconf 89' lang='lat' dir='ltr'><strong>stare</strong></span> <span class='ocrx_word' id='word_1_77' title='bbox 2322 1385 2398 1438; x_wconf 88' lang='lat' dir='ltr'><strong>non</strong></span> 
     </span>
     <span class='ocr_line' id='line_1_8' title="bbox 516 1472 1755 1593; baseline -0.014 -28"><span class='ocrx_word' id='word_1_78' title='bbox 516 1512 650 1593; x_wconf 90' lang='lat' dir='ltr'><strong>posse,</strong></span> <span class='ocrx_word' id='word_1_79' title='bbox 683 1478 757 1558; x_wconf 90' lang='lat' dir='ltr'><strong>nisi</strong></span> <span class='ocrx_word' id='word_1_80' title='bbox 783 1476 829 1551; x_wconf 92' lang='lat' dir='ltr'><strong>ad</strong></span> <span class='ocrx_word' id='word_1_81' title='bbox 855 1484 1066 1573; x_wconf 79' lang='lat' dir='ltr'><strong>equestrem</strong></span> <span class='ocrx_word' id='word_1_82' title='bbox 1092 1472 1259 1548; x_wconf 90' lang='lat' dir='ltr'><strong>ordinem</strong></span> <span class='ocrx_word' id='word_1_83' title='bbox 1286 1472 1421 1548; x_wconf 91' lang='lat' dir='ltr'><strong>iudicia</strong></span> <span class='ocrx_word' id='word_1_84' title='bbox 1446 1475 1688 1550; x_wconf 84' lang='lat' dir='ltr'><strong>referrentur.</strong></span> <span class='ocrx_word' id='word_1_85' title='bbox 1707 1474 1755 1574; x_wconf 78' lang='lat'><strong>²¹)</strong></span> 
     </span>
    </p>

    <p class='ocr_par' dir='ltr' id='par_1_3' title="bbox 420 1589 2464 4278">
     <span class='ocr_line' id='line_1_9' title="bbox 682 1589 2399 1694; baseline -0.001 -23"><span class='ocrx_word' id='word_1_86' title='bbox 682 1599 803 1694; x_wconf 82' lang='lat' dir='ltr'><strong>Atque</strong></span> <span class='ocrx_word' id='word_1_87' title='bbox 829 1593 903 1668; x_wconf 90' lang='lat' dir='ltr'><strong>iam</strong></span> <span class='ocrx_word' id='word_1_88' title='bbox 929 1589 1092 1666; x_wconf 81' lang='lat' dir='ltr'><strong>Sullanis</strong></span> <span class='ocrx_word' id='word_1_89' title='bbox 1118 1589 1348 1689; x_wconf 87' lang='lat' dir='ltr'><strong>temporibus</strong></span> <span class='ocrx_word' id='word_1_90' title='bbox 1374 1591 1586 1691; x_wconf 77' lang='lat' dir='ltr'><strong>praesideri</strong></span> <span class='ocrx_word' id='word_1_91' title='bbox 1612 1591 1750 1693; x_wconf 91' lang='lat' dir='ltr'><strong>potuit,</strong></span> <span class='ocrx_word' id='word_1_92' title='bbox 1783 1591 1951 1668; x_wconf 85' lang='lat' dir='ltr'><strong>ordinem</strong></span> <span class='ocrx_word' id='word_1_93' title='bbox 1978 1605 2207 1694; x_wconf 83' lang='lat' dir='ltr'><strong>equestrem,</strong></span> <span class='ocrx_word' id='word_1_94' title='bbox 2231 1595 2399 1694; x_wconf 81' lang='lat' dir='ltr'><strong>quamvis</strong></span> 
     </span>
     <span class='ocr_line' id='line_1_10' title="bbox 520 1703 2398 1814; baseline -0.006 -14"><span class='ocrx_word' id='word_1_95' title='bbox 520 1722 697 1800; x_wconf 84' lang='lat' dir='ltr'><strong>afflictum</strong></span> <span class='ocrx_word' id='word_1_96' title='bbox 723 1708 1016 1814; x_wconf 89' lang='lat' dir='ltr'><strong>proscriptione,</strong></span> <span class='ocrx_word' id='word_1_97' title='bbox 1042 1703 1301 1808; x_wconf 86' lang='lat' dir='ltr'><strong>privatumque¹</strong></span> <span class='ocrx_word' id='word_1_98' title='bbox 1326 1705 1394 1799; x_wconf 90' lang='lat' dir='ltr'><strong>iis,</strong></span> <span class='ocrx_word' id='word_1_99' title='bbox 1421 1707 1552 1804; x_wconf 90' lang='lat' dir='ltr'><strong>quibus</strong></span> <span class='ocrx_word' id='word_1_100' title='bbox 1578 1718 1689 1785; x_wconf 90' lang='lat' dir='ltr'><strong>antea</strong></span> <span class='ocrx_word' id='word_1_101' title='bbox 1713 1709 1849 1801; x_wconf 83' lang='lat' dir='ltr'><strong>valuit,</strong></span> <span class='ocrx_word' id='word_1_102' title='bbox 1875 1709 2105 1811; x_wconf 78' lang='lat' dir='ltr'><strong>privilegiis,</strong></span> <span class='ocrx_word' id='word_1_103' title='bbox 2143 1723 2267 1794; x_wconf 86' lang='lat' dir='ltr'><strong>tamen</strong></span> <span class='ocrx_word' id='word_1_104' title='bbox 2292 1713 2398 1790; x_wconf 84' lang='lat' dir='ltr'><strong>brevi</strong></span> 
     </span>
     <span class='ocr_line' id='line_1_11' title="bbox 519 1823 2398 1927; baseline -0.006 -9"><span class='ocrx_word' id='word_1_105' title='bbox 519 1840 669 1918; x_wconf 87' lang='lat' dir='ltr'><strong>easdem</strong></span> <span class='ocrx_word' id='word_1_106' title='bbox 695 1831 797 1906; x_wconf 87' lang='lat' dir='ltr'><strong>vires</strong></span> <span class='ocrx_word' id='word_1_107' title='bbox 822 1835 1146 1926; x_wconf 85' lang='lat' dir='ltr'><strong>recuperaturum3</strong></span> <span class='ocrx_word' id='word_1_108' title='bbox 1182 1823 1388 1923; x_wconf 91' lang='lat' dir='ltr'><strong>siquidem</strong></span> <span class='ocrx_word' id='word_1_109' title='bbox 1415 1851 1459 1900; x_wconf 88' lang='lat' dir='ltr'><strong>ea</strong></span> <span class='ocrx_word' id='word_1_110' title='bbox 1484 1825 1653 1924; x_wconf 89' lang='lat' dir='ltr'><strong>quidem,</strong></span> <span class='ocrx_word' id='word_1_111' title='bbox 1688 1826 1782 1924; x_wconf 78' lang='lat' dir='ltr'><strong>quae</strong></span> <span class='ocrx_word' id='word_1_112' title='bbox 1807 1826 2007 1927; x_wconf 77' lang='lat' dir='ltr'><strong>generibus</strong></span> <span class='ocrx_word' id='word_1_113' title='bbox 2033 1829 2252 1926; x_wconf 91' lang='lat' dir='ltr'><strong>quibusdam</strong></span> <span class='ocrx_word' id='word_1_114' title='bbox 2286 1830 2398 1908; x_wconf 87' lang='lat' dir='ltr'><strong>certis</strong></span> 
     </span>
     <span class='ocr_line' id='line_1_12' title="bbox 517 1941 2399 2044; baseline -0.007 -8"><span class='ocrx_word' id='word_1_115' title='bbox 517 1955 740 2040; x_wconf 74' lang='lat' dir='ltr'><strong>continetur,</strong></span> <span class='ocrx_word' id='word_1_116' title='bbox 766 1944 940 2022; x_wconf 86' lang='lat' dir='ltr'><strong>nobilitas</strong></span> <span class='ocrx_word' id='word_1_117' title='bbox 964 1941 1154 2042; x_wconf 83' lang='lat' dir='ltr'><strong>exstingui</strong></span> <span class='ocrx_word' id='word_1_118' title='bbox 1179 1951 1348 2042; x_wconf 92' lang='lat' dir='ltr'><strong>tempore</strong></span> <span class='ocrx_word' id='word_1_119' title='bbox 1375 1950 1511 2042; x_wconf 91' lang='lat' dir='ltr'><strong>potest,</strong></span> <span class='ocrx_word' id='word_1_120' title='bbox 1541 1941 1698 2018; x_wconf 84' lang='lat' dir='ltr'><strong>divitum</strong></span> <span class='ocrx_word' id='word_1_121' title='bbox 1723 1953 1848 2020; x_wconf 90' lang='lat' dir='ltr'><strong>autem</strong></span> <span class='ocrx_word' id='word_1_122' title='bbox 1874 1970 1957 2021; x_wconf 91' lang='lat' dir='ltr'><strong>cum</strong></span> <span class='ocrx_word' id='word_1_123' title='bbox 1982 1945 2064 2044; x_wconf 88' lang='lat' dir='ltr'><strong>ipso</strong></span> <span class='ocrx_word' id='word_1_124' title='bbox 2089 1944 2240 2020; x_wconf 88' lang='lat' dir='ltr'><strong>civitate</strong></span> <span class='ocrx_word' id='word_1_125' title='bbox 2266 1957 2306 2021; x_wconf 87' lang='lat' dir='ltr'><strong>et</strong></span> <span class='ocrx_word' id='word_1_126' title='bbox 2330 1972 2399 2022; x_wconf 92' lang='lat' dir='ltr'><strong>nu-</strong></span> 
     </span>
     <span class='ocr_line' id='line_1_13' title="bbox 519 2058 2399 2165; baseline -0.006 -13"><span class='ocrx_word' id='word_1_127' title='bbox 519 2097 644 2152; x_wconf 87' lang='lat' dir='ltr'><strong>merus</strong></span> <span class='ocrx_word' id='word_1_128' title='bbox 683 2076 723 2142; x_wconf 91' lang='lat' dir='ltr'><strong>et</strong></span> <span class='ocrx_word' id='word_1_129' title='bbox 753 2062 921 2165; x_wconf 87' lang='lat' dir='ltr'><strong>potentia</strong></span> <span class='ocrx_word' id='word_1_130' title='bbox 958 2059 1104 2135; x_wconf 78' lang='lat' dir='ltr'><strong>crescit.</strong></span> <span class='ocrx_word' id='word_1_131' title='bbox 1167 2059 1290 2158; x_wconf 79' lang='lat' dir='ltr'><strong>Quum</strong></span> <span class='ocrx_word' id='word_1_132' title='bbox 1329 2059 1427 2134; x_wconf 89' lang='lat' dir='ltr'><strong>enim</strong></span> <span class='ocrx_word' id='word_1_133' title='bbox 1466 2058 1590 2134; x_wconf 91' lang='lat' dir='ltr'><strong>statim</strong></span> <span class='ocrx_word' id='word_1_134' title='bbox 1627 2070 1714 2158; x_wconf 92' lang='lat' dir='ltr'><strong>post</strong></span> <span class='ocrx_word' id='word_1_135' title='bbox 1748 2060 1876 2136; x_wconf 88' lang='lat' dir='ltr'><strong>Sullae</strong></span> <span class='ocrx_word' id='word_1_136' title='bbox 1913 2072 2072 2138; x_wconf 90' lang='lat' dir='ltr'><strong>mortem</strong></span> <span class='ocrx_word' id='word_1_137' title='bbox 2091 2072 2274 2162; x_wconf 81' lang='lat' dir='ltr'><strong>pateret,</strong></span> <span class='ocrx_word' id='word_1_138' title='bbox 2312 2087 2399 2142; x_wconf 85' lang='lat' dir='ltr'><strong>esse</strong></span> 
     </span>
     <span class='ocr_line' id='line_1_14' title="bbox 521 2159 2400 2282; baseline -0.009 -11"><span class='ocrx_word' id='word_1_139' title='bbox 521 2193 711 2270; x_wconf 85' lang='lat' dir='ltr'><strong>etiamtum</strong></span> <span class='ocrx_word' id='word_1_140' title='bbox 737 2181 912 2282; x_wconf 89' lang='lat' dir='ltr'><strong>quasdam</strong></span> <span class='ocrx_word' id='word_1_141' title='bbox 936 2177 978 2252; x_wconf 93' lang='lat' dir='ltr'><strong>in</strong></span> <span class='ocrx_word' id='word_1_142' title='bbox 1003 2175 1153 2253; x_wconf 80' lang='lat' dir='ltr'><strong>civitate</strong></span> <span class='ocrx_word' id='word_1_143' title='bbox 1179 2187 1306 2276; x_wconf 88' lang='lat' dir='ltr'><strong>partes</strong></span> <span class='ocrx_word' id='word_1_144' title='bbox 1333 2175 1488 2273; x_wconf 83' lang='lat' dir='ltr'><strong>equites,</strong></span> <span class='ocrx_word' id='word_1_145' title='bbox 1518 2175 1619 2273; x_wconf 89' lang='lat' dir='ltr'><strong>iique</strong></span> <span class='ocrx_word' id='word_1_146' title='bbox 1644 2177 1773 2278; x_wconf 86' lang='lat' dir='ltr'><strong>paucis</strong></span> <span class='ocrx_word' id='word_1_147' title='bbox 1800 2177 1912 2252; x_wconf 82' lang='lat' dir='ltr'><strong>armis</strong></span> <span class='ocrx_word' id='word_1_148' title='bbox 1931 2189 2082 2254; x_wconf 78' lang='lat' dir='ltr'><strong>veteres</strong></span> <span class='ocrx_word' id='word_1_149' title='bbox 2108 2180 2209 2254; x_wconf 75' lang='lat' dir='ltr'><strong>uires</strong></span> <span class='ocrx_word' id='word_1_150' title='bbox 2235 2159 2400 2282; x_wconf 83' lang='lat' dir='ltr'><strong>recepis-</strong></span> 
     </span>
     <span class='ocr_line' id='line_1_15' title="bbox 522 2292 2400 2400; baseline -0.007 -13"><span class='ocrx_word' id='word_1_151' title='bbox 522 2321 626 2400; x_wconf 87' lang='lat' dir='ltr'><strong>sent,</strong></span> <span class='ocrx_word' id='word_1_152' title='bbox 652 2298 822 2382; x_wconf 83' lang='lat' dir='ltr'><strong>dubitari</strong></span> <span class='ocrx_word' id='word_1_153' title='bbox 847 2321 921 2374; x_wconf 91' lang='lat' dir='ltr'><strong>non</strong></span> <span class='ocrx_word' id='word_1_154' title='bbox 946 2294 1070 2398; x_wconf 76' lang='lat' dir='ltr'><strong>potuit</strong></span> <span class='ocrx_word' id='word_1_155' title='bbox 1096 2296 1141 2368; x_wconf 89' lang='lat' dir='ltr'><strong>ab</strong></span> <span class='ocrx_word' id='word_1_156' title='bbox 1167 2293 1431 2395; x_wconf 84' lang='lat' dir='ltr'><strong>prudentibus,</strong></span> <span class='ocrx_word' id='word_1_157' title='bbox 1461 2292 1569 2394; x_wconf 89' lang='lat' dir='ltr'><strong>quin,</strong></span> <span class='ocrx_word' id='word_1_158' title='bbox 1595 2293 1668 2368; x_wconf 90' lang='lat' dir='ltr'><strong>nisi</strong></span> <span class='ocrx_word' id='word_1_159' title='bbox 1693 2305 1802 2370; x_wconf 86' lang='lat' dir='ltr'><strong>vetus</strong></span> <span class='ocrx_word' id='word_1_160' title='bbox 1829 2293 1989 2394; x_wconf 81' lang='lat' dir='ltr'><strong>dignitas</strong></span> <span class='ocrx_word' id='word_1_161' title='bbox 2015 2295 2200 2393; x_wconf 88' lang='lat' dir='ltr'><strong>equitibus</strong></span> <span class='ocrx_word' id='word_1_162' title='bbox 2225 2298 2400 2374; x_wconf 73' lang='lat' dir='ltr'><strong>restitue</strong></span> 
     </span>
     <span class='ocr_line' id='line_1_16' title="bbox 520 2409 2401 2516; baseline -0.006 -12"><span class='ocrx_word' id='word_1_163' title='bbox 520 2437 649 2514; x_wconf 80' lang='lat' dir='ltr'><strong>retur,</strong></span> <span class='ocrx_word' id='word_1_164' title='bbox 679 2441 860 2496; x_wconf 89' lang='lat' dir='ltr'><strong>summum</strong></span> <span class='ocrx_word' id='word_1_165' title='bbox 894 2411 1095 2488; x_wconf 86' lang='lat' dir='ltr'><strong>discrimen</strong></span> <span class='ocrx_word' id='word_1_166' title='bbox 1126 2410 1337 2488; x_wconf 84' lang='lat' dir='ltr'><strong>immineret</strong></span> <span class='ocrx_word' id='word_1_167' title='bbox 1369 2413 1414 2486; x_wconf 90' lang='lat' dir='ltr'><strong>ab</strong></span> <span class='ocrx_word' id='word_1_168' title='bbox 1448 2409 1495 2483; x_wconf 91' lang='lat' dir='ltr'><strong>iis</strong></span> <span class='ocrx_word' id='word_1_169' title='bbox 1528 2409 1774 2503; x_wconf 83' lang='lat' dir='ltr'><strong>adversariis,</strong></span> <span class='ocrx_word' id='word_1_170' title='bbox 1809 2411 1940 2509; x_wconf 89' lang='lat' dir='ltr'><strong>quibus</strong></span> <span class='ocrx_word' id='word_1_171' title='bbox 1966 2437 2014 2486; x_wconf 90' lang='lat' dir='ltr'><strong>na</strong></span> <span class='ocrx_word' id='word_1_172' title='bbox 2048 2414 2104 2489; x_wconf 94' lang='lat' dir='ltr'><strong>illi</strong></span> <span class='ocrx_word' id='word_1_173' title='bbox 2137 2415 2303 2513; x_wconf 90' lang='lat' dir='ltr'><strong>quidem,</strong></span> <span class='ocrx_word' id='word_1_174' title='bbox 2337 2415 2401 2516; x_wconf 89' lang='lat' dir='ltr'><strong>qui</strong></span> 
     </span>
     <span class='ocr_line' id='line_1_17' title="bbox 521 2527 2402 2633; baseline -0.008 -13"><span class='ocrx_word' id='word_1_175' title='bbox 521 2536 752 2621; x_wconf 86' lang='lat' dir='ltr'><strong>Gracchanis</strong></span> <span class='ocrx_word' id='word_1_176' title='bbox 778 2530 1008 2633; x_wconf 87' lang='lat' dir='ltr'><strong>temporibus</strong></span> <span class='ocrx_word' id='word_1_177' title='bbox 1035 2539 1141 2604; x_wconf 91' lang='lat' dir='ltr'><strong>erant</strong></span> <span class='ocrx_word' id='word_1_178' title='bbox 1167 2527 1383 2628; x_wconf 81' lang='lat' dir='ltr'><strong>optimates,</strong></span> <span class='ocrx_word' id='word_1_179' title='bbox 1409 2527 1586 2606; x_wconf 88' lang='lat' dir='ltr'><strong>resistere</strong></span> <span class='ocrx_word' id='word_1_180' title='bbox 1613 2529 1834 2629; x_wconf 87' lang='lat' dir='ltr'><strong>potuissent.</strong></span> <span class='ocrx_word' id='word_1_181' title='bbox 1884 2528 1918 2602; x_wconf 95' lang='lat' dir='ltr'><strong>Ii</strong></span> <span class='ocrx_word' id='word_1_182' title='bbox 1943 2527 2075 2628; x_wconf 87' lang='lat' dir='ltr'><strong>igitur,</strong></span> <span class='ocrx_word' id='word_1_183' title='bbox 2109 2533 2190 2631; x_wconf 92' lang='lat' dir='ltr'><strong>qui,</strong></span> <span class='ocrx_word' id='word_1_184' title='bbox 2218 2532 2290 2608; x_wconf 91' lang='lat' dir='ltr'><strong>etsi</strong></span> <span class='ocrx_word' id='word_1_185' title='bbox 2315 2532 2402 2610; x_wconf 88' lang='lat' dir='ltr'><strong>Sul·</strong></span> 
     </span>
     <span class='ocr_line' id='line_1_18' title="bbox 520 2645 2399 2752; baseline -0.007 -14"><span class='ocrx_word' id='word_1_186' title='bbox 520 2664 642 2737; x_wconf 90' lang='lat' dir='ltr'><strong>lanam</strong></span> <span class='ocrx_word' id='word_1_187' title='bbox 666 2651 895 2752; x_wconf 89' lang='lat' dir='ltr'><strong>reipublicae</strong></span> <span class='ocrx_word' id='word_1_188' title='bbox 922 2645 1222 2724; x_wconf 87' lang='lat' dir='ltr'><strong>constitutionem</strong></span> <span class='ocrx_word' id='word_1_189' title='bbox 1247 2645 1381 2720; x_wconf 91' lang='lat' dir='ltr'><strong>durare</strong></span> <span class='ocrx_word' id='word_1_190' title='bbox 1406 2671 1481 2722; x_wconf 91' lang='lat' dir='ltr'><strong>nou</strong></span> <span class='ocrx_word' id='word_1_191' title='bbox 1507 2667 1620 2744; x_wconf 88' lang='lat' dir='ltr'><strong>posse</strong></span> <span class='ocrx_word' id='word_1_192' title='bbox 1646 2646 1922 2746; x_wconf 77' lang='lat' dir='ltr'><strong>intelligebant,</strong></span> <span class='ocrx_word' id='word_1_193' title='bbox 1956 2656 2090 2739; x_wconf 86' lang='lat' dir='ltr'><strong>tamen,</strong></span> <span class='ocrx_word' id='word_1_194' title='bbox 2117 2650 2399 2747; x_wconf 90' lang='lat' dir='ltr'><strong>quoquomodo</strong></span> 
     </span>
     <span class='ocr_line' id='line_1_19' title="bbox 523 2762 2400 2872; baseline -0.006 -20"><span class='ocrx_word' id='word_1_195' title='bbox 523 2775 607 2853; x_wconf 85' lang='lat' dir='ltr'><strong>fleri</strong></span> <span class='ocrx_word' id='word_1_196' title='bbox 640 2770 781 2872; x_wconf 90' lang='lat' dir='ltr'><strong>potuit,</strong></span> <span class='ocrx_word' id='word_1_197' title='bbox 813 2792 930 2868; x_wconf 92' lang='lat' dir='ltr'><strong>penes</strong></span> <span class='ocrx_word' id='word_1_198' title='bbox 965 2765 1162 2863; x_wconf 87' lang='lat' dir='ltr'><strong>optimates</strong></span> <span class='ocrx_word' id='word_1_199' title='bbox 1194 2787 1279 2837; x_wconf 88' lang='lat' dir='ltr'><strong>esse</strong></span> <span class='ocrx_word' id='word_1_200' title='bbox 1311 2762 1561 2862; x_wconf 87' lang='lat' dir='ltr'><strong>gubernacula</strong></span> <span class='ocrx_word' id='word_1_201' title='bbox 1592 2762 1820 2863; x_wconf 89' lang='lat' dir='ltr'><strong>reipublicae</strong></span> <span class='ocrx_word' id='word_1_202' title='bbox 1854 2763 2069 2863; x_wconf 88' lang='lat' dir='ltr'><strong>cupiebant,</strong></span> <span class='ocrx_word' id='word_1_203' title='bbox 2104 2764 2400 2842; x_wconf 87' lang='lat' dir='ltr'><strong>coniunctionem</strong></span> 
     </span>
     <span class='ocr_line' id='line_1_20' title="bbox 523 2878 2402 2988; baseline -0.006 -19"><span class='ocrx_word' id='word_1_204' title='bbox 523 2891 715 2988; x_wconf 89' lang='lat' dir='ltr'><strong>utriusque</strong></span> <span class='ocrx_word' id='word_1_205' title='bbox 743 2882 904 2973; x_wconf 88' lang='lat' dir='ltr'><strong>ordinis,</strong></span> <span class='ocrx_word' id='word_1_206' title='bbox 930 2881 963 2956; x_wconf 91' lang='lat' dir='ltr'><strong>si</strong></span> <span class='ocrx_word' id='word_1_207' title='bbox 988 2905 1063 2956; x_wconf 91' lang='lat' dir='ltr'><strong>non</strong></span> <span class='ocrx_word' id='word_1_208' title='bbox 1088 2880 1209 2972; x_wconf 88' lang='lat' dir='ltr'><strong>illam,</strong></span> <span class='ocrx_word' id='word_1_209' title='bbox 1241 2902 1335 2978; x_wconf 89' lang='lat' dir='ltr'><strong>quae</strong></span> <span class='ocrx_word' id='word_1_210' title='bbox 1362 2879 1485 2954; x_wconf 84' lang='lat' dir='ltr'><strong>suerat</strong></span> <span class='ocrx_word' id='word_1_211' title='bbox 1509 2888 1596 2954; x_wconf 89' lang='lat' dir='ltr'><strong>aute</strong></span> <span class='ocrx_word' id='word_1_212' title='bbox 1623 2878 1786 2954; x_wconf 86' lang='lat' dir='ltr'><strong>Gracchi</strong></span> <span class='ocrx_word' id='word_1_213' title='bbox 1811 2889 1999 2982; x_wconf 89' lang='lat' dir='ltr'><strong>tempora,</strong></span> <span class='ocrx_word' id='word_1_214' title='bbox 2032 2891 2071 2955; x_wconf 92' lang='lat' dir='ltr'><strong>at</strong></span> <span class='ocrx_word' id='word_1_215' title='bbox 2095 2892 2218 2958; x_wconf 88' lang='lat' dir='ltr'><strong>tamen</strong></span> <span class='ocrx_word' id='word_1_216' title='bbox 2242 2883 2402 2984; x_wconf 88' lang='lat' dir='ltr'><strong>aliquam</strong></span> 
     </span>
     <span class='ocr_line' id='line_1_21' title="bbox 523 2995 2403 3101; baseline -0.005 -14"><span class='ocrx_word' id='word_1_217' title='bbox 523 3004 792 3087; x_wconf 84' lang='lat' dir='ltr'><strong>restituendam</strong></span> <span class='ocrx_word' id='word_1_218' title='bbox 815 3025 902 3076; x_wconf 90' lang='lat' dir='ltr'><strong>esse</strong></span> <span class='ocrx_word' id='word_1_219' title='bbox 928 2999 1158 3076; x_wconf 79' lang='lat' dir='ltr'><strong>sentiebant:</strong></span> <span class='ocrx_word' id='word_1_220' title='bbox 1192 2998 1254 3097; x_wconf 92' lang='lat' dir='ltr'><strong>qui</strong></span> <span class='ocrx_word' id='word_1_221' title='bbox 1279 2995 1410 3098; x_wconf 91' lang='lat' dir='ltr'><strong>populi</strong></span> <span class='ocrx_word' id='word_1_222' title='bbox 1443 3021 1611 3072; x_wconf 88' lang='lat' dir='ltr'><strong>caussam</strong></span> <span class='ocrx_word' id='word_1_223' title='bbox 1645 3009 1774 3072; x_wconf 89' lang='lat' dir='ltr'><strong>contra</strong></span> <span class='ocrx_word' id='word_1_224' title='bbox 1805 2999 2004 3098; x_wconf 91' lang='lat' dir='ltr'><strong>optimates</strong></span> <span class='ocrx_word' id='word_1_225' title='bbox 2033 3012 2294 3101; x_wconf 86' lang='lat' dir='ltr'><strong>susceperant,</strong></span> <span class='ocrx_word' id='word_1_226' title='bbox 2327 3012 2403 3092; x_wconf 78' lang='lat' dir='ltr'><strong>aut,</strong></span> 
     </span>
     <span class='ocr_line' id='line_1_22' title="bbox 524 3109 2403 3218; baseline -0.004 -15"><span class='ocrx_word' id='word_1_227' title='bbox 524 3138 567 3203; x_wconf 93' lang='lat' dir='ltr'><strong>ut</strong></span> <span class='ocrx_word' id='word_1_228' title='bbox 590 3137 670 3202; x_wconf 81' lang='lat' dir='ltr'><strong>trun</strong></span> <span class='ocrx_word' id='word_1_229' title='bbox 695 3119 779 3198; x_wconf 87' lang='lat' dir='ltr'><strong>fieri</strong></span> <span class='ocrx_word' id='word_1_230' title='bbox 804 3126 978 3218; x_wconf 88' lang='lat' dir='ltr'><strong>coeptum</strong></span> <span class='ocrx_word' id='word_1_231' title='bbox 1004 3128 1080 3208; x_wconf 88' lang='lat' dir='ltr'><strong>est,</strong></span> <span class='ocrx_word' id='word_1_232' title='bbox 1114 3114 1240 3217; x_wconf 91' lang='lat' dir='ltr'><strong>specie</strong></span> <span class='ocrx_word' id='word_1_233' title='bbox 1265 3109 1525 3214; x_wconf 90' lang='lat' dir='ltr'><strong>popularitatis</strong></span> <span class='ocrx_word' id='word_1_234' title='bbox 1550 3115 1701 3188; x_wconf 90' lang='lat' dir='ltr'><strong>turbare</strong></span> <span class='ocrx_word' id='word_1_235' title='bbox 1734 3116 2000 3214; x_wconf 90' lang='lat' dir='ltr'><strong>rempublicam</strong></span> <span class='ocrx_word' id='word_1_236' title='bbox 2035 3116 2403 3218; x_wconf 87' lang='lat' dir='ltr'><strong>conflictantibusque</strong></span> 
     </span>
     <span class='ocr_line' id='line_1_23' title="bbox 523 3229 2403 3346; baseline -0.004 -26"><span class='ocrx_word' id='word_1_237' title='bbox 523 3242 690 3346; x_wconf 90' lang='lat' dir='ltr'><strong>partibus</strong></span> <span class='ocrx_word' id='word_1_238' title='bbox 717 3238 932 3336; x_wconf 87' lang='lat' dir='ltr'><strong>superiores</strong></span> <span class='ocrx_word' id='word_1_239' title='bbox 959 3235 1120 3310; x_wconf 86' lang='lat' dir='ltr'><strong>evadere</strong></span> <span class='ocrx_word' id='word_1_240' title='bbox 1146 3232 1221 3329; x_wconf 89' lang='lat' dir='ltr'><strong>ipsi</strong></span> <span class='ocrx_word' id='word_1_241' title='bbox 1247 3229 1536 3322; x_wconf 89' lang='lat' dir='ltr'><strong>contenderunt,</strong></span> <span class='ocrx_word' id='word_1_242' title='bbox 1562 3229 1655 3304; x_wconf 90' lang='lat' dir='ltr'><strong>nihil</strong></span> <span class='ocrx_word' id='word_1_243' title='bbox 1682 3229 1865 3330; x_wconf 87' lang='lat' dir='ltr'><strong>antiquius</strong></span> <span class='ocrx_word' id='word_1_244' title='bbox 1891 3231 2030 3306; x_wconf 89' lang='lat' dir='ltr'><strong>babere</strong></span> <span class='ocrx_word' id='word_1_245' title='bbox 2055 3233 2257 3326; x_wconf 90' lang='lat' dir='ltr'><strong>debebant,</strong></span> <span class='ocrx_word' id='word_1_246' title='bbox 2284 3261 2403 3336; x_wconf 88' lang='lat' dir='ltr'><strong>quam,</strong></span> 
     </span>
     <span class='ocr_line' id='line_1_24' title="bbox 524 3345 2402 3449; baseline -0.006 -13"><span class='ocrx_word' id='word_1_247' title='bbox 524 3371 566 3436; x_wconf 90' lang='lat' dir='ltr'><strong>ut</strong></span> <span class='ocrx_word' id='word_1_248' title='bbox 599 3353 833 3433; x_wconf 90' lang='lat' dir='ltr'><strong>concordiam</strong></span> <span class='ocrx_word' id='word_1_249' title='bbox 868 3363 1018 3425; x_wconf 88' lang='lat' dir='ltr'><strong>senatus</strong></span> <span class='ocrx_word' id='word_1_250' title='bbox 1053 3347 1290 3444; x_wconf 85' lang='lat' dir='ltr'><strong>equitumque</strong></span> <span class='ocrx_word' id='word_1_251' title='bbox 1324 3345 1551 3422; x_wconf 91' lang='lat' dir='ltr'><strong>dirimerent.</strong></span> <span class='ocrx_word' id='word_1_252' title='bbox 1609 3346 1717 3422; x_wconf 89' lang='lat' dir='ltr'><strong>Unus</strong></span> <span class='ocrx_word' id='word_1_253' title='bbox 1752 3358 1850 3438; x_wconf 85' lang='lat' dir='ltr'><strong>erat,</strong></span> <span class='ocrx_word' id='word_1_254' title='bbox 1890 3348 1953 3445; x_wconf 90' lang='lat' dir='ltr'><strong>qui</strong></span> <span class='ocrx_word' id='word_1_255' title='bbox 1984 3358 2164 3449; x_wconf 90' lang='lat' dir='ltr'><strong>utrosque</strong></span> <span class='ocrx_word' id='word_1_256' title='bbox 2199 3352 2402 3443; x_wconf 84' lang='lat' dir='ltr'><strong>coniunxit,</strong></span> 
     </span>
     <span class='ocr_line' id='line_1_25' title="bbox 520 3461 2464 3568; baseline -0.006 -14"><span class='ocrx_word' id='word_1_257' title='bbox 520 3477 707 3554; x_wconf 87' lang='lat' dir='ltr'><strong>bellorum</strong></span> <span class='ocrx_word' id='word_1_258' title='bbox 729 3467 898 3544; x_wconf 84' lang='lat' dir='ltr'><strong>civilium</strong></span> <span class='ocrx_word' id='word_1_259' title='bbox 923 3473 1062 3556; x_wconf 87' lang='lat' dir='ltr'><strong>metus,</strong></span> <span class='ocrx_word' id='word_1_260' title='bbox 1090 3463 1228 3564; x_wconf 90' lang='lat' dir='ltr'><strong>quippe</strong></span> <span class='ocrx_word' id='word_1_261' title='bbox 1254 3461 1401 3564; x_wconf 89' lang='lat' dir='ltr'><strong>utrique</strong></span> <span class='ocrx_word' id='word_1_262' title='bbox 1426 3487 1537 3562; x_wconf 85' lang='lat' dir='ltr'><strong>pares</strong></span> <span class='ocrx_word' id='word_1_263' title='bbox 1564 3463 1724 3555; x_wconf 87' lang='lat' dir='ltr'><strong>divitiis,</strong></span> <span class='ocrx_word' id='word_1_264' title='bbox 1752 3466 1906 3540; x_wconf 80' lang='lat' dir='ltr'><strong>vastatis</strong></span> <span class='ocrx_word' id='word_1_265' title='bbox 1933 3466 2149 3568; x_wconf 81' lang='lat' dir='ltr'><strong>provinciis,</strong></span> <span class='ocrx_word' id='word_1_266' title='bbox 2162 3468 2316 3562; x_wconf 22' lang='lat' dir='ltr'><strong>&#39;incerto</strong></span> <span class='ocrx_word' id='word_1_267' title='bbox 2342 3480 2402 3544; x_wconf 94' lang='lat' dir='ltr'><strong>to·</strong></span> <span class='ocrx_word' id='word_1_268' title='bbox 2459 3523 2464 3534; x_wconf 82' lang='lat'><strong>,</strong></span> 
     </span>
     <span class='ocr_line' id='line_1_26' title="bbox 523 3579 2404 3684; baseline -0.004 -15"><span class='ocrx_word' id='word_1_269' title='bbox 523 3593 598 3670; x_wconf 89' lang='lat' dir='ltr'><strong>tius</strong></span> <span class='ocrx_word' id='word_1_270' title='bbox 630 3587 762 3664; x_wconf 86' lang='lat' dir='ltr'><strong>Italiae</strong></span> <span class='ocrx_word' id='word_1_271' title='bbox 795 3593 913 3682; x_wconf 89' lang='lat' dir='ltr'><strong>statu,</strong></span> <span class='ocrx_word' id='word_1_272' title='bbox 952 3607 1081 3682; x_wconf 88' lang='lat' dir='ltr'><strong>parem</strong></span> <span class='ocrx_word' id='word_1_273' title='bbox 1114 3581 1346 3656; x_wconf 88' lang='lat' dir='ltr'><strong>fortunarum</strong></span> <span class='ocrx_word' id='word_1_274' title='bbox 1378 3579 1555 3676; x_wconf 88' lang='lat' dir='ltr'><strong>iacturam</strong></span> <span class='ocrx_word' id='word_1_275' title='bbox 1590 3579 1898 3658; x_wconf 78' lang='lat' dir='ltr'><strong>extimescebam:</strong></span> <span class='ocrx_word' id='word_1_276' title='bbox 1917 3581 1964 3678; x_wconf 76' lang='lat'><strong>²²)</strong></span> <span class='ocrx_word' id='word_1_277' title='bbox 2005 3589 2120 3661; x_wconf 86' lang='lat' dir='ltr'><strong>multa</strong></span> <span class='ocrx_word' id='word_1_278' title='bbox 2151 3595 2277 3678; x_wconf 87' lang='lat' dir='ltr'><strong>eraut,</strong></span> <span class='ocrx_word' id='word_1_279' title='bbox 2310 3611 2404 3684; x_wconf 85' lang='lat' dir='ltr'><strong>quas</strong></span> 
     </span>
     <span class='ocr_line' id='line_1_27' title="bbox 420 3695 2405 3810; baseline -0.006 -19"><span class='ocrx_word' id='word_1_280' title='bbox 420 3773 465 3790; x_wconf 69' lang='grc'><strong>,,</strong></span> <span class='ocrx_word' id='word_1_281' title='bbox 525 3733 639 3810; x_wconf 87' lang='lat' dir='ltr'><strong>supra</strong></span> <span class='ocrx_word' id='word_1_282' title='bbox 673 3698 879 3805; x_wconf 82' lang='lat' dir='ltr'><strong>explicavi,</strong></span> <span class='ocrx_word' id='word_1_283' title='bbox 918 3723 1012 3797; x_wconf 91' lang='lat' dir='ltr'><strong>quae</strong></span> <span class='ocrx_word' id='word_1_284' title='bbox 1038 3707 1214 3796; x_wconf 91' lang='lat' dir='ltr'><strong>utrosque</strong></span> <span class='ocrx_word' id='word_1_285' title='bbox 1246 3696 1518 3774; x_wconf 82' lang='lat' dir='ltr'><strong>disiunxeruut.</strong></span> <span class='ocrx_word' id='word_1_286' title='bbox 1567 3695 1734 3770; x_wconf 88' lang='lat' dir='ltr'><strong>Alterius</strong></span> <span class='ocrx_word' id='word_1_287' title='bbox 1766 3695 1884 3800; x_wconf 90' lang='lat' dir='ltr'><strong>partis</strong></span> <span class='ocrx_word' id='word_1_288' title='bbox 1912 3696 2102 3799; x_wconf 45' lang='lat' dir='ltr'><strong>,principio</strong></span> <span class='ocrx_word' id='word_1_289' title='bbox 2135 3701 2212 3778; x_wconf 81' lang='lat' dir='ltr'><strong>dux</strong></span> <span class='ocrx_word' id='word_1_290' title='bbox 2246 3713 2284 3778; x_wconf 91' lang='lat' dir='ltr'><strong>et</strong></span> <span class='ocrx_word' id='word_1_291' title='bbox 2316 3729 2405 3804; x_wconf 92' lang='lat' dir='ltr'><strong>pro-</strong></span> 
     </span>
     <span class='ocr_line' id='line_1_28' title="bbox 525 3814 2404 3929; baseline 0.001 -35"><span class='ocrx_word' id='word_1_292' title='bbox 525 3832 709 3929; x_wconf 78' lang='lat' dir='ltr'><strong>pugnator</strong></span> <span class='ocrx_word' id='word_1_293' title='bbox 730 3816 946 3918; x_wconf 83' lang='lat' dir='ltr'><strong>Pompeius,</strong></span> <span class='ocrx_word' id='word_1_294' title='bbox 974 3824 1013 3890; x_wconf 90' lang='lat' dir='ltr'><strong>et</strong></span> <span class='ocrx_word' id='word_1_295' title='bbox 1036 3824 1230 3916; x_wconf 83' lang='lat' dir='ltr'><strong>postquam</strong></span> <span class='ocrx_word' id='word_1_296' title='bbox 1258 3824 1297 3890; x_wconf 92' lang='lat' dir='ltr'><strong>et</strong></span> <span class='ocrx_word' id='word_1_297' title='bbox 1321 3814 1381 3890; x_wconf 87' lang='lat' dir='ltr'><strong>bic</strong></span> <span class='ocrx_word' id='word_1_298' title='bbox 1406 3825 1574 3890; x_wconf 90' lang='lat' dir='ltr'><strong>senatum</strong></span> <span class='ocrx_word' id='word_1_299' title='bbox 1601 3814 1778 3906; x_wconf 87' lang='lat' dir='ltr'><strong>deseruit,</strong></span> <span class='ocrx_word' id='word_1_300' title='bbox 1806 3815 1949 3906; x_wconf 87' lang='lat' dir='ltr'><strong>Cicero,</strong></span> <span class='ocrx_word' id='word_1_301' title='bbox 1973 3815 2128 3894; x_wconf 89' lang='lat' dir='ltr'><strong>alterius</strong></span> <span class='ocrx_word' id='word_1_302' title='bbox 2150 3819 2288 3896; x_wconf 81' lang='lat' dir='ltr'><strong>Caesar</strong></span> <span class='ocrx_word' id='word_1_303' title='bbox 2312 3832 2404 3898; x_wconf 90' lang='lat' dir='ltr'><strong>erat.</strong></span> 
     </span>
     <span class='ocr_line' id='line_1_29' title="bbox 526 3928 2407 4044; baseline -0.003 -27"><span class='ocrx_word' id='word_1_304' title='bbox 526 3928 695 4044; x_wconf 79' lang='lat' dir='ltr'><strong>Quorum</strong></span> <span class='ocrx_word' id='word_1_305' title='bbox 720 3947 763 4011; x_wconf 95' lang='lat' dir='ltr'><strong>ut</strong></span> <span class='ocrx_word' id='word_1_306' title='bbox 787 3935 966 4032; x_wconf 89' lang='lat' dir='ltr'><strong>cuiusque</strong></span> <span class='ocrx_word' id='word_1_307' title='bbox 993 3945 1056 4008; x_wconf 89' lang='lat' dir='ltr'><strong>aut</strong></span> <span class='ocrx_word' id='word_1_308' title='bbox 1082 3931 1176 4006; x_wconf 89' lang='lat' dir='ltr'><strong>ratio</strong></span> <span class='ocrx_word' id='word_1_309' title='bbox 1204 3933 1348 4006; x_wconf 84' lang='lat' dir='ltr'><strong>serebat</strong></span> <span class='ocrx_word' id='word_1_310' title='bbox 1373 3941 1436 4006; x_wconf 89' lang='lat' dir='ltr'><strong>aut</strong></span> <span class='ocrx_word' id='word_1_311' title='bbox 1462 3933 1610 4006; x_wconf 75' lang='lat' dir='ltr'><strong>valebat</strong></span> <span class='ocrx_word' id='word_1_312' title='bbox 1635 3932 1853 4024; x_wconf 85' lang='lat' dir='ltr'><strong>auctoritas,</strong></span> <span class='ocrx_word' id='word_1_313' title='bbox 1883 3946 1946 4009; x_wconf 90' lang='lat' dir='ltr'><strong>aut</strong></span> <span class='ocrx_word' id='word_1_314' title='bbox 1972 3935 2122 4010; x_wconf 85' lang='lat' dir='ltr'><strong>sedatae</strong></span> <span class='ocrx_word' id='word_1_315' title='bbox 2148 3948 2236 4012; x_wconf 92' lang='lat' dir='ltr'><strong>sunt</strong></span> <span class='ocrx_word' id='word_1_316' title='bbox 2260 3947 2324 4012; x_wconf 91' lang='lat' dir='ltr'><strong>aut</strong></span> <span class='ocrx_word' id='word_1_317' title='bbox 2349 3937 2407 4012; x_wconf 91' lang='lat' dir='ltr'><strong>in-</strong></span> 
     </span>
     <span class='ocr_line' id='line_1_30' title="bbox 527 4047 2406 4151; baseline -0.003 -16"><span class='ocrx_word' id='word_1_318' title='bbox 527 4060 660 4135; x_wconf 89' lang='lat' dir='ltr'><strong>citatae</strong></span> <span class='ocrx_word' id='word_1_319' title='bbox 687 4053 895 4128; x_wconf 90' lang='lat' dir='ltr'><strong>discordiae</strong></span> <span class='ocrx_word' id='word_1_320' title='bbox 923 4048 1063 4127; x_wconf 92' lang='lat' dir='ltr'><strong>ordinis</strong></span> <span class='ocrx_word' id='word_1_321' title='bbox 1090 4047 1303 4146; x_wconf 85' lang='lat' dir='ltr'><strong>utriusque,</strong></span> <span class='ocrx_word' id='word_1_322' title='bbox 1338 4049 1425 4124; x_wconf 89' lang='lat' dir='ltr'><strong>dum</strong></span> <span class='ocrx_word' id='word_1_323' title='bbox 1452 4061 1608 4148; x_wconf 88' lang='lat' dir='ltr'><strong>utroque</strong></span> <span class='ocrx_word' id='word_1_324' title='bbox 1635 4075 1657 4124; x_wconf 91' lang='lat' dir='ltr'><strong>a</strong></span> <span class='ocrx_word' id='word_1_325' title='bbox 1683 4052 1842 4125; x_wconf 85' lang='lat' dir='ltr'><strong>Caesare</strong></span> <span class='ocrx_word' id='word_1_326' title='bbox 1869 4049 2035 4124; x_wconf 90' lang='lat' dir='ltr'><strong>subiecto</strong></span> <span class='ocrx_word' id='word_1_327' title='bbox 2062 4063 2101 4126; x_wconf 92' lang='lat' dir='ltr'><strong>et</strong></span> <span class='ocrx_word' id='word_1_328' title='bbox 2134 4053 2312 4151; x_wconf 79' lang='lat' dir='ltr'><strong>dignitate</strong></span> <span class='ocrx_word' id='word_1_329' title='bbox 2339 4079 2406 4130; x_wconf 88' lang='lat' dir='ltr'><strong>sua</strong></span> 
     </span>
     <span class='ocr_line' id='line_1_31' title="bbox 527 4164 2059 4278; baseline -0.008 -26"><span class='ocrx_word' id='word_1_330' title='bbox 527 4177 694 4278; x_wconf 85' lang='lat' dir='ltr'><strong>privato,</strong></span> <span class='ocrx_word' id='word_1_331' title='bbox 731 4180 856 4246; x_wconf 91' lang='lat' dir='ltr'><strong>certus</strong></span> <span class='ocrx_word' id='word_1_332' title='bbox 883 4180 921 4243; x_wconf 89' lang='lat' dir='ltr'><strong>et</strong></span> <span class='ocrx_word' id='word_1_333' title='bbox 946 4165 1166 4264; x_wconf 87' lang='lat' dir='ltr'><strong>tranquillus</strong></span> <span class='ocrx_word' id='word_1_334' title='bbox 1193 4164 1384 4264; x_wconf 88' lang='lat' dir='ltr'><strong>utriusque</strong></span> <span class='ocrx_word' id='word_1_335' title='bbox 1411 4175 1529 4240; x_wconf 90' lang='lat' dir='ltr'><strong>status</strong></span> <span class='ocrx_word' id='word_1_336' title='bbox 1554 4169 1624 4241; x_wconf 92' lang='lat' dir='ltr'><strong>sub</strong></span> <span class='ocrx_word' id='word_1_337' title='bbox 1651 4167 1818 4264; x_wconf 82' lang='lat' dir='ltr'><strong>Augusto</strong></span> <span class='ocrx_word' id='word_1_338' title='bbox 1846 4168 1964 4244; x_wconf 86' lang='lat' dir='ltr'><strong>sactus</strong></span> <span class='ocrx_word' id='word_1_339' title='bbox 1988 4180 2059 4243; x_wconf 91' lang='lat' dir='ltr'><strong>est.</strong></span> 
     </span>
    </p>

    <p class='ocr_par' dir='ltr' id='par_1_4' title="bbox 527 4283 2406 4620">
     <span class='ocr_line' id='line_1_32' title="bbox 690 4283 2406 4388; baseline -0.001 -24"><span class='ocrx_word' id='word_1_340' title='bbox 690 4295 727 4367; x_wconf 81' lang='grc'><strong>3,</strong></span> <span class='ocrx_word' id='word_1_341' title='bbox 762 4289 869 4388; x_wconf 79' lang='lat' dir='ltr'><strong>Quae</strong></span> <span class='ocrx_word' id='word_1_342' title='bbox 896 4311 1007 4386; x_wconf 91' lang='lat' dir='ltr'><strong>quum</strong></span> <span class='ocrx_word' id='word_1_343' title='bbox 1032 4283 1086 4359; x_wconf 92' lang='lat' dir='ltr'><strong>ita</strong></span> <span class='ocrx_word' id='word_1_344' title='bbox 1111 4295 1248 4374; x_wconf 87' lang='lat' dir='ltr'><strong>essent,</strong></span> <span class='ocrx_word' id='word_1_345' title='bbox 1277 4285 1371 4360; x_wconf 88' lang='lat' dir='ltr'><strong>duae</strong></span> <span class='ocrx_word' id='word_1_346' title='bbox 1398 4286 1576 4384; x_wconf 83' lang='lat' dir='ltr'><strong>deinceps</strong></span> <span class='ocrx_word' id='word_1_347' title='bbox 1602 4286 1649 4358; x_wconf 88' lang='lat' dir='ltr'><strong>ad</strong></span> <span class='ocrx_word' id='word_1_348' title='bbox 1675 4283 1853 4383; x_wconf 89' lang='lat' dir='ltr'><strong>populum</strong></span> <span class='ocrx_word' id='word_1_349' title='bbox 1878 4284 2091 4384; x_wconf 80' lang='lat' dir='ltr'><strong>rogationes</strong></span> <span class='ocrx_word' id='word_1_350' title='bbox 2118 4290 2282 4388; x_wconf 88' lang='lat' dir='ltr'><strong>perlatae</strong></span> <span class='ocrx_word' id='word_1_351' title='bbox 2308 4298 2406 4379; x_wconf 89' lang='lat' dir='ltr'><strong>sunt,</strong></span> 
     </span>
     <span class='ocr_line' id='line_1_33' title="bbox 527 4399 2405 4504; baseline -0.002 -19"><span class='ocrx_word' id='word_1_352' title='bbox 527 4412 645 4486; x_wconf 89' lang='lat' dir='ltr'><strong>altera</strong></span> <span class='ocrx_word' id='word_1_353' title='bbox 667 4408 736 4482; x_wconf 85' lang='lat' dir='ltr'><strong>Gn.</strong></span> <span class='ocrx_word' id='word_1_354' title='bbox 757 4401 930 4504; x_wconf 89' lang='lat' dir='ltr'><strong>Pompeii</strong></span> <span class='ocrx_word' id='word_1_355' title='bbox 957 4402 1004 4480; x_wconf 84' lang='lat' dir='ltr'><strong>de</strong></span> <span class='ocrx_word' id='word_1_356' title='bbox 1030 4402 1260 4481; x_wconf 90' lang='lat' dir='ltr'><strong>restituenda</strong></span> <span class='ocrx_word' id='word_1_357' title='bbox 1285 4401 1481 4479; x_wconf 91' lang='lat' dir='ltr'><strong>tribunicia</strong></span> <span class='ocrx_word' id='word_1_358' title='bbox 1505 4410 1704 4504; x_wconf 89' lang='lat' dir='ltr'><strong>potestate,</strong></span> <span class='ocrx_word' id='word_1_359' title='bbox 1732 4401 1849 4478; x_wconf 88' lang='lat' dir='ltr'><strong>altera</strong></span> <span class='ocrx_word' id='word_1_360' title='bbox 1873 4399 1918 4476; x_wconf 90' lang='lat' dir='ltr'><strong>L.</strong></span> <span class='ocrx_word' id='word_1_361' title='bbox 1941 4404 2030 4478; x_wconf 84' lang='lat' dir='ltr'><strong>Aur.</strong></span> <span class='ocrx_word' id='word_1_362' title='bbox 2053 4403 2195 4496; x_wconf 83' lang='lat' dir='ltr'><strong>Cottae,</strong></span> <span class='ocrx_word' id='word_1_363' title='bbox 2222 4407 2405 4502; x_wconf 81' lang='lat' dir='ltr'><strong>praetoris</strong></span> 
     </span>
     <span class='ocr_line' id='line_1_34' title="bbox 528 4518 2404 4620; baseline -0.002 -21"><span class='ocrx_word' id='word_1_364' title='bbox 528 4555 560 4604; x_wconf 87' lang='lat' dir='ltr'><strong>a.</strong></span> <span class='ocrx_word' id='word_1_365' title='bbox 586 4524 649 4615; x_wconf 77' lang='lat'><strong>70,</strong></span> <span class='ocrx_word' id='word_1_366' title='bbox 683 4523 730 4594; x_wconf 91' lang='lat' dir='ltr'><strong>de</strong></span> <span class='ocrx_word' id='word_1_367' title='bbox 757 4521 941 4596; x_wconf 91' lang='lat' dir='ltr'><strong>mutandis</strong></span> <span class='ocrx_word' id='word_1_368' title='bbox 975 4518 1133 4594; x_wconf 91' lang='lat' dir='ltr'><strong>iudiciis.</strong></span> <span class='ocrx_word' id='word_1_369' title='bbox 1185 4521 1351 4620; x_wconf 79' lang='lat' dir='ltr'><strong>Quarum</strong></span> <span class='ocrx_word' id='word_1_370' title='bbox 1385 4518 1424 4592; x_wconf 94' lang='lat' dir='ltr'><strong>in</strong></span> <span class='ocrx_word' id='word_1_371' title='bbox 1458 4518 1582 4619; x_wconf 92' lang='lat' dir='ltr'><strong>priore</strong></span> <span class='ocrx_word' id='word_1_372' title='bbox 1617 4520 1843 4618; x_wconf 81' lang='lat' dir='ltr'><strong>perferenda</strong></span> <span class='ocrx_word' id='word_1_373' title='bbox 1875 4547 1985 4619; x_wconf 90' lang='lat' dir='ltr'><strong>quum</strong></span> <span class='ocrx_word' id='word_1_374' title='bbox 2019 4544 2138 4615; x_wconf 90' lang='lat' dir='ltr'><strong>nequo</strong></span> <span class='ocrx_word' id='word_1_375' title='bbox 2165 4519 2211 4618; x_wconf 78' lang='lat' dir='ltr'><strong>Q.</strong></span> <span class='ocrx_word' id='word_1_376' title='bbox 2240 4521 2404 4606; x_wconf 79' lang='lat' dir='ltr'><strong>Catulus,</strong></span> 
     </span>
    </p>
   </div>
   <div class='ocr_carea' id='block_1_3' title="bbox 527 4636 2404 4748">
    <p class='ocr_par' dir='ltr' id='par_1_5' title="bbox 527 4636 2404 4748">
     <span class='ocr_line' id='line_1_35' title="bbox 527 4636 2404 4748; baseline -0.002 -28"><span class='ocrx_word' id='word_1_377' title='bbox 527 4649 783 4748; x_wconf 88' lang='lat' dir='ltr'><strong>propugnator</strong></span> <span class='ocrx_word' id='word_1_378' title='bbox 816 4636 881 4712; x_wconf 90' lang='lat' dir='ltr'><strong>ille</strong></span> <span class='ocrx_word' id='word_1_379' title='bbox 916 4637 1148 4739; x_wconf 88' lang='lat' dir='ltr'><strong>optimatium</strong></span> <span class='ocrx_word' id='word_1_380' title='bbox 1165 4637 1214 4738; x_wconf 76' lang='lat'><strong>²³)</strong></span> <span class='ocrx_word' id='word_1_381' title='bbox 1247 4636 1497 4741; x_wconf 88' lang='lat' dir='ltr'><strong>princepsque</strong></span> <span class='ocrx_word' id='word_1_382' title='bbox 1525 4636 1700 4711; x_wconf 88' lang='lat' dir='ltr'><strong>Sullanae</strong></span> <span class='ocrx_word' id='word_1_383' title='bbox 1728 4637 1918 4730; x_wconf 87' lang='lat' dir='ltr'><strong>factionis,</strong></span> <span class='ocrx_word' id='word_1_384' title='bbox 1936 4638 1986 4737; x_wconf 77' lang='lat'><strong>⁴²⁴)</strong></span> <span class='ocrx_word' id='word_1_385' title='bbox 2018 4646 2173 4736; x_wconf 88' lang='lat' dir='ltr'><strong>negaret</strong></span> <span class='ocrx_word' id='word_1_386' title='bbox 2198 4637 2237 4712; x_wconf 91' lang='lat' dir='ltr'><strong>in</strong></span> <span class='ocrx_word' id='word_1_387' title='bbox 2263 4653 2404 4733; x_wconf 81' lang='lat' dir='ltr'><strong>senatu,</strong></span> 
     </span>
    </p>
   </div>
   <div class='ocr_carea' id='block_1_4' title="bbox 533 4805 951 4830">
    <p class='ocr_par' dir='ltr' id='par_1_6' title="bbox 533 4805 951 4830">
     <span class='ocr_line' id='line_1_36' title="bbox 533 4805 951 4830; baseline -0.002 -7"><span class='ocrx_word' id='word_1_388' title='bbox 533 4805 951 4830; x_wconf 57' lang='lat' dir='ltr'><em>W</em></span> 
     </span>
    </p>
   </div>
   <div class='ocr_carea' id='block_1_5' title="bbox 532 4883 1996 4962">
    <p class='ocr_par' dir='ltr' id='par_1_7' title="bbox 532 4883 1996 4962">
     <span class='ocr_line' id='line_1_37' title="bbox 532 4883 1996 4962; baseline -0.008 -12"><span class='ocrx_word' id='word_1_389' title='bbox 532 4900 565 4962; x_wconf 79' lang='lat'><strong>²⁰)</strong></span> <span class='ocrx_word' id='word_1_390' title='bbox 585 4898 643 4950; x_wconf 82' lang='lat' dir='ltr'><strong>Act.</strong></span> <span class='ocrx_word' id='word_1_391' title='bbox 664 4892 683 4960; x_wconf 92' lang='lat' dir='ltr'><strong>l,</strong></span> <span class='ocrx_word' id='word_1_392' title='bbox 701 4910 724 4944; x_wconf 84' lang='lat' dir='ltr'><strong>c.</strong></span> <span class='ocrx_word' id='word_1_393' title='bbox 746 4892 787 4954; x_wconf 78' lang='lat' dir='ltr'><strong>lt,</strong></span> <span class='ocrx_word' id='word_1_394' title='bbox 809 4891 848 4946; x_wconf 81' lang='lat' dir='ltr'><strong>lb·</strong></span> <span class='ocrx_word' id='word_1_395' title='bbox 885 4887 917 4942; x_wconf 92' lang='lat' dir='ltr'><strong>ll.</strong></span> <span class='ocrx_word' id='word_1_396' title='bbox 937 4889 962 4952; x_wconf 86' lang='lat'><strong>1,</strong></span> <span class='ocrx_word' id='word_1_397' title='bbox 979 4889 1005 4954; x_wconf 56' lang='grc' dir='ltr'><strong>Ἰ,</strong></span> <span class='ocrx_word' id='word_1_398' title='bbox 1024 4892 1050 4946; x_wconf 79' lang='grc'><strong>8.</strong></span> <span class='ocrx_word' id='word_1_399' title='bbox 1086 4904 1128 4960; x_wconf 88' lang='lat' dir='ltr'><strong>pr.</strong></span> <span class='ocrx_word' id='word_1_400' title='bbox 1148 4885 1251 4941; x_wconf 74' lang='lat' dir='ltr'><strong>cluent.</strong></span> <span class='ocrx_word' id='word_1_401' title='bbox 1270 4889 1313 4945; x_wconf 57' lang='grc' dir='ltr'><strong>ᾗ.</strong></span> <span class='ocrx_word' id='word_1_402' title='bbox 1503 4892 1539 4956; x_wconf 83' lang='lat'><strong>²³)</strong></span> <span class='ocrx_word' id='word_1_403' title='bbox 1557 4887 1622 4943; x_wconf 89' lang='lat' dir='ltr'><strong>Sall.</strong></span> <span class='ocrx_word' id='word_1_404' title='bbox 1641 4886 1741 4942; x_wconf 83' lang='lat' dir='ltr'><strong>ilistor.</strong></span> <span class='ocrx_word' id='word_1_405' title='bbox 1762 4890 1785 4954; x_wconf 91' lang='grc'><strong>1,</strong></span> <span class='ocrx_word' id='word_1_406' title='bbox 1803 4905 1829 4957; x_wconf 87' lang='lat' dir='ltr'><strong>p.</strong></span> <span class='ocrx_word' id='word_1_407' title='bbox 1851 4889 1900 4942; x_wconf 74' lang='grc'><strong>182</strong></span> <span class='ocrx_word' id='word_1_408' title='bbox 1919 4883 1996 4948; x_wconf 69' lang='lat' dir='ltr'><strong>Gari,</strong></span> 
     </span>
    </p>
   </div>
   <div class='ocr_carea' id='block_1_6' title="bbox 406 4953 2408 5036">
    <p class='ocr_par' dir='ltr' id='par_1_8' title="bbox 406 4953 2408 5036">
     <span class='ocr_line' id='line_1_38' title="bbox 406 4953 2408 5036; baseline 0.005 -32"><span class='ocrx_word' id='word_1_409' title='bbox 406 4972 426 5000; x_wconf 80' lang='lat'><strong>¹.</strong></span> <span class='ocrx_word' id='word_1_410' title='bbox 532 4959 1024 5036; x_wconf 40' lang='grc' dir='ltr'><strong>ιι)1ῃνρῃ,11,3,196,ῒ23.224.</strong></span> <span class='ocrx_word' id='word_1_411' title='bbox 1504 4961 1539 5027; x_wconf 83' lang='lat'><strong>²⁴)</strong></span> <span class='ocrx_word' id='word_1_412' title='bbox 1560 4958 1795 5012; x_wconf 72' lang='lat' dir='ltr'><strong>Pseudo-Aaron.</strong></span> <span class='ocrx_word' id='word_1_413' title='bbox 1814 4957 1840 5009; x_wconf 90' lang='lat' dir='ltr'><strong>ln</strong></span> <span class='ocrx_word' id='word_1_414' title='bbox 1859 4958 1919 5008; x_wconf 49' lang='lat' dir='ltr'><strong>slot.</strong></span> <span class='ocrx_word' id='word_1_415' title='bbox 1939 4955 1961 5010; x_wconf 89' lang='lat' dir='ltr'><strong>tl</strong></span> <span class='ocrx_word' id='word_1_416' title='bbox 1984 4955 2011 5009; x_wconf 91' lang='lat' dir='ltr'><strong>ln</strong></span> <span class='ocrx_word' id='word_1_417' title='bbox 2029 4953 2141 5012; x_wconf 78' lang='lat' dir='ltr'><strong>Verrem</strong></span> <span class='ocrx_word' id='word_1_418' title='bbox 2168 4975 2195 5029; x_wconf 84' lang='lat' dir='ltr'><strong>p·</strong></span> <span class='ocrx_word' id='word_1_419' title='bbox 2213 4960 2266 5018; x_wconf 68' lang='lat'><strong>200</strong></span> <span class='ocrx_word' id='word_1_420' title='bbox 2284 4955 2334 5016; x_wconf 68' lang='grc' dir='ltr'><strong>Οτι</strong></span> <span class='ocrx_word' id='word_1_421' title='bbox 2376 4959 2408 5015; x_wconf 73' lang='lat' dir='ltr'><strong>toi</strong></span> 
     </span>
    </p>
   </div>
   <div class='ocr_carea' id='block_1_7' title="bbox 533 5025 2025 5104">
    <p class='ocr_par' dir='ltr' id='par_1_9' title="bbox 533 5025 2025 5104">
     <span class='ocr_line' id='line_1_39' title="bbox 533 5025 2025 5104; baseline 0.007 -34"><span class='ocrx_word' id='word_1_422' title='bbox 533 5037 569 5104; x_wconf 79' lang='lat' dir='ltr'><strong>aa)</strong></span> <span class='ocrx_word' id='word_1_423' title='bbox 587 5051 615 5087; x_wconf 85' lang='lat' dir='ltr'><strong>v.</strong></span> <span class='ocrx_word' id='word_1_424' title='bbox 634 5041 689 5086; x_wconf 88' lang='lat' dir='ltr'><strong>uol.</strong></span> <span class='ocrx_word' id='word_1_425' title='bbox 706 5033 750 5087; x_wconf 74' lang='lat' dir='ltr'><strong>dd·</strong></span> <span class='ocrx_word' id='word_1_426' title='bbox 1006 5095 1009 5104; x_wconf 22' lang='grc' dir='ltr'><strong>Α</strong></span> <span class='ocrx_word' id='word_1_427' title='bbox 1537 5031 1628 5102; x_wconf 72' lang='grc' dir='ltr'><em>πρῶτα</em></span> <span class='ocrx_word' id='word_1_428' title='bbox 1646 5029 1688 5094; x_wconf 77' lang='grc' dir='ltr'><strong>τῆς</strong></span> <span class='ocrx_word' id='word_1_429' title='bbox 1705 5029 1803 5096; x_wconf 71' lang='grc' dir='ltr'><strong>βουλῆς.</strong></span> <span class='ocrx_word' id='word_1_430' title='bbox 1839 5025 1901 5080; x_wconf 87' lang='lat' dir='ltr'><strong>Dio.</strong></span> <span class='ocrx_word' id='word_1_431' title='bbox 1920 5028 1964 5091; x_wconf 74' lang='lat' dir='ltr'><strong>db,</strong></span> <span class='ocrx_word' id='word_1_432' title='bbox 1985 5029 2025 5084; x_wconf 77' lang='grc'><strong>13.</strong></span> 
     </span>
    </p>
   </div>
   <div class='ocr_carea' id='block_1_8' title="bbox 0 0 2651 6180">
    <p class='ocr_par' dir='ltr' id='par_1_10' title="bbox 0 0 2651 6180">
     <span class='ocr_line' id='line_1_40' title="bbox 0 0 2651 6180; baseline 0 0"><span class='ocrx_word' id='word_1_433' title='bbox 0 0 2651 6180; x_wconf 95' lang='lat' dir='ltr'><strong> </strong></span> 
     </span>
    </p>
   </div>
  </div>
 </body>
</html>
