5254 6186
523 761 569 834 ab
603 758 674 831 boc
707 751 795 828 inde
827 760 997 851 tempore
1033 751 1145 826 etiam
1179 751 1217 826 in
1251 777 1448 827 censorum
1481 749 1617 828 tabulis
1652 751 1814 852 primum
1839 752 1939 828 inter
1964 752 2109 851 equites
2134 753 2256 827 locum
2282 762 2415 828 tenue-

523 875 610 965 rint,
633 869 697 969 ¹⁰⁰)
723 879 847 945 tamen
874 868 999 944 statim
1026 870 1072 942 ab
1097 867 1205 943 initio
1230 894 1306 944 uon
1333 870 1415 961 hoc,
1442 869 1510 943 sed
1536 868 1648 966 longe
1674 866 1794 942 maius
1821 869 1910 968 quid
1936 870 2006 943 hoc
2032 869 2142 945 titulo
2168 868 2414 968 significatum

523 989 642 1066 luisse
676 985 764 1060 inde
790 983 1032 1084 intelligitur,
1068 986 1167 1083 quod
1193 1009 1269 1068 uon
1303 983 1474 1062 censoria
1499 993 1705 1083 potestate,
1741 986 1923 1083 adquam
1955 985 2201 1086 pertinuisset
2233 984 2414 1085 principis

522 1106 647 1197 lectio,
674 1105 720 1178 ab
746 1104 917 1200 Augusto
943 1101 1028 1202 ipso
1054 1101 1154 1177 inter
1179 1101 1325 1201 equites
1350 1103 1528 1205 princeps
1555 1103 1847 1203 receptus,‚sed
1872 1112 2129 1202 cooptatus
2156 1105 2202 1178 ab
2229 1101 2414 1200 equitibus

523 1225 719 1300 immatura
752 1229 874 1294 aetate
897 1216 960 1316 ¹⁰¹)
996 1219 1109 1294 Gaius
1143 1224 1228 1312 est,
1245 1220 1310 1320 ¹⁰²)
1344 1221 1408 1320 qui
1434 1245 1515 1294 mos
1543 1218 1654 1294 etiam
1688 1228 1824 1318 postea
1855 1219 2015 1295 duravit.
2039 1219 2102 1320 ¹⁰³)
2154 1218 2274 1293 Plane
2300 1218 2415 1317 igitur

523 1366 623 1418 novo
650 1340 792 1413 honore
818 1335 995 1435 princeps
1020 1335 1227 1412 iuventutis
1254 1348 1420 1430 creatus,
1448 1335 1599 1410 decreto
1626 1334 1796 1435 corporis
1823 1335 1987 1434 equitum
2014 1360 2110 1433 equo
2136 1335 2306 1436 publico,
2340 1359 2415 1410 non

523 1458 596 1533 alio
623 1454 746 1544 modo,
774 1461 883 1550 atque
910 1451 1072 1551 Augusti
1096 1476 1233 1528 nomeu
1258 1453 1380 1548 Scto,
1413 1451 1530 1556 patris
1556 1451 1700 1551 patriae
1726 1476 1912 1528 consensu
1939 1453 2103 1530 omnium
2129 1453 2299 1528 ordinum
2325 1477 2415 1528 con-

522 1575 707 1650 firmatum
734 1581 804 1645 est'.
1134 1644 1141 1651 ,

689 1685 874 1787 Quoniam
908 1708 1001 1759 vero
1036 1685 1081 1760 ad
1116 1684 1186 1758 bos
1214 1684 1359 1784 equites
1385 1685 1619 1765 ceremoniae
1646 1686 1828 1784 quaedam
1853 1684 2133 1786 pertinuerunt,
2167 1683 2415 1761 transvectio-

522 1831 624 1898 num,
650 1805 874 1880 decursuum
894 1801 935 1877 in
959 1801 1166 1892 funeribus,
1194 1810 1233 1875 et
1253 1827 1343 1901 quas
1371 1804 1461 1879 alias
1488 1802 1789 1894 commemoravi,
1816 1801 2017 1902 quaeritur,
2045 1828 2138 1903 quoe
2160 1803 2199 1878 in
2225 1801 2284 1877 bis
2311 1803 2416 1902 prin·

524 1925 619 2025 cipis
644 1921 851 1998 iuventutis
877 1927 1004 2020 partes
1029 1917 1183 1993 fuerint.
1235 1920 1280 1994 Iu
1306 1944 1379 2019 qua
1403 1947 1445 1997 re
1471 1920 1712 1997 memorabile
1740 1929 1810 2010 est,
1837 1920 1957 2018 quod,
1983 1945 2095 2019 quum
2121 1919 2208 2011 Dio,
2235 1928 2276 2007 ut
2302 1942 2416 2019 supra

523 2041 623 2132 dixi,
650 2039 702 2111 Μ.
729 2037 945 2127 Aurelium,
972 2035 1092 2108 adbuc
1119 2035 1339 2131 Gaesarem,
1366 2039 1465 2114 dicat
1491 2036 1717 2137 appellatum
1746 2035 1864 2110 luisse
1891 2053 2063 2142 πρόκριοον
2091 2057 2145 2138 τῆς
2177 2049 2332 2128 ἱππάδος,
2348 2035 2412 2135 ¹⁰⁴)

524 2159 572 2232 de
599 2155 730 2230 eadem
755 2178 798 2227 re
825 2151 1059 2253 Capitolinus
1086 2177 1122 2226 v.
1148 2151 1201 2226 Μ.
1227 2153 1316 2242 Aut.
1343 2155 1407 2255 pb.
1435 2181 1466 2228 c.
1493 2152 1519 2227 6
1545 2152 1793 2245 „Cousulem,
1817 2152 1949 2252 iuquit,
1977 2177 2103 2228 secum
2129 2153 2222 2228 Pius
2249 2145 2415 2228 Marcum

524 2270 755 2372 designavit,
789 2281 827 2344 et
854 2268 1026 2346 Caesaris
1061 2269 1313 2369 appellatione
1347 2269 1523 2362 donavit,
1558 2279 1597 2343 et
1630 2265 1842 2343 sevirum
1876 2268 2046 2342 turmis
2081 2270 2289 2368 equitum
2322 2269 2415 2345 Ro-

524 2411 760 2465 manorum
797 2386 885 2462 iam
925 2387 1170 2462 consulem
1209 2387 1511 2488 designatum
1546 2385 1753 2477 creavit,
1794 2394 1840 2458 et
1875 2385 2040 2459 edenti
2074 2410 2173 2462 cum
2207 2387 2414 2487 collegis

523 2507 665 2582 ludos
705 2505 946 2581 sevirales
986 2504 1215 2578 assedit“.
1274 2507 1325 2580 Et
1357 2527 1434 2579 non
1467 2502 1578 2578 modo
1613 2500 1687 2575 l)io
1725 2503 1751 2576 l.
1785 2501 1811 2574 l.
1846 2500 1897 2575 Μ.
1931 2501 2126 2578 Aurelium
2165 2527 2247 2578 cum
2284 2504 2417 2578 turmis

474 2687 480 2692 .
525 2622 689 2723 equitum
710 2623 749 2697 in
770 2623 892 2698 forum
914 2621 1146 2721 processisse
1168 2618 1382 2719 scribit,¹⁰³)
1409 2621 1477 2695 sed
1498 2617 1649 2694 disertis
1674 2617 1801 2692 verbis
1817 2618 1994 2729 Zonaras,
2021 2640 2129 2719 quem
2153 2646 2281 2697 omnes
2307 2648 2417 2723 prae-

525 2738 779 2830 terviderunt,
814 2739 926 2814 etiam
952 2737 1102 2829 Gaium,
1130 2737 1339 2837 principem
1364 2735 1590 2826 iuventutis,
1625 2734 1790 2810 sevirum
1816 2743 2019 2810 turmarum
2045 2734 2164 2811 fuisse
2189 2737 2330 2813 retulit.
2353 2737 2415 2838 ¹⁰⁶)

525 2856 581 2929 Ac
607 2853 753 2944 nescio,
787 2876 834 2926 an
859 2855 947 2929 inde
981 2854 1153 2928 videatur
1186 2855 1467 2954 explicandum,
1501 2853 1619 2950 quod,
1657 2874 1769 2951 quum
1795 2849 1839 2925 iu·
1867 2849 2172 2952 inscriptionibus
2205 2855 2415 2930 sevirorum

525 2972 666 3047 mentio
692 2971 870 3069 frequens
897 2971 964 3062 sit,
999 2981 1122 3047 tamen
1148 2971 1290 3071 primae
1324 2982 1467 3046 turmae
1502 2968 1605 3048 sevir
1638 2966 1828 3042 rarissime
1863 2967 2095 3045 inveniaturs
2118 2971 2182 3071 ¹⁰²)
2217 2973 2290 3048 nisi
2316 2975 2414 3048 lorte

524 3088 564 3163 id
590 3113 679 3163 casu
705 3087 843 3162 factum
871 3098 948 3180 est,
982 3115 1093 3188 quum
1121 3089 1232 3165 etiam
1259 3097 1390 3163 sextae
1417 3095 1560 3162 turmae
1595 3083 1698 3158 s'evir
1731 3107 1910 3182 nusquam
1944 3100 2265 3167 commemoretur.
2316 3091 2415 3167 lllud

526 3214 655 3280 contra
680 3229 750 3306 pro
778 3207 973 3306 explorato
1001 3206 1141 3298 babeo,
1175 3205 1222 3279 ad
1248 3203 1447 3278 seviralem
1473 3211 1698 3302 potestatem
1725 3199 1936 3308 principum
1961 3203 2167 3281 iuventutis
2202 3232 2287 3282 esse
2312 3207 2414 3283 refe-

524 3321 702 3411 rendum,
727 3322 846 3416 quod,
876 3321 1050 3418 quamdiu
1077 3344 1314 3396 successores
1341 3329 1483 3395 tautum
1508 3316 1677 3418 imperii,
1704 3316 1805 3416 iique
1831 3342 1906 3393 nou
1932 3319 2005 3395 nisi
2031 3319 2283 3424 iuniores,¹⁰⁸)
2310 3327 2415 3428 priu-

473 3425 475 3432 ’
527 3437 631 3537 cipes
656 3434 863 3510 iuventutis
889 3437 1017 3528 suere,
1046 3435 1187 3511 nummi
1212 3460 1341 3514 eorum
1368 3447 1483 3537 typos
1510 3443 1724 3532 equestres,
1752 3435 1914 3529 hastam,
1941 3438 2137 3537 clypeum,
2164 3441 2325 3540 equitem
2351 3468 2413 3517 re-

526 3561 780 3655 praesentent,
808 3552 853 3626 ad
874 3553 1079 3627 solemnem
1105 3553 1364 3629 decursionem
1392 3553 1556 3651 equitum
1577 3551 1831 3652 pertinentes:
1856 3562 2052 3651 postquam
2074 3567 2196 3631 autem
2224 3555 2294 3631 sibi
2320 3559 2415 3658 ipsis

531 3827 578 3892 ¹⁰⁰)
597 3823 671 3893 lips.
692 3824 727 3879 de
745 3841 833 3894 magn.
853 3824 931 3878 Rom.
950 3828 976 3890 l,
995 3822 1012 3877 2
1030 3844 1056 3896 p.
1076 3826 1128 3880 459
1147 3825 1189 3878 ed.
1208 3824 1254 3879 tol.
1539 3826 1595 3879 sai
1613 3825 1812 3899 npdxpsror
1828 3825 1985 3894 ἀπέφηνε
2004 3825 2059 3891 τῆς
2076 3827 2246 3891 νεότητος,
2265 3829 2415 3898 Ιλαρχόν

1540 3915 1572 3949 rs
1591 3896 1697 3962 quiin
1714 3897 1882 3966 γενέσθαι
1901 3898 2085 3978 ἐπέἷρεψε·
2103 3899 2147 3949 καὶ
2163 3899 2218 3966 μα’
2233 3901 2352 3950 ἐνιαυτὸν
2368 3900 2413 3951 καὶ

563 4012 692 4134 ottoni
705 3997 850 4119 cliton
864 4007 1004 4136 “nto
1024 3999 1309 4140 stortura:
1329 4018 1354 4054 ‘-
1372 4001 1438 4056 dc
1538 3964 2413 4104 tcttrntrtnttrlsta1“³arcto

1539 4103 1594 4156 dixi
1613 4120 1639 4171 p.
1658 4103 1700 4157 7l.

531 3930 579 3996 ¹⁰¹)
597 3925 661 3980 Non
687 3926 789 3981 diserte
814 3928 885 3994 dixl,
910 3930 983 3998 quod
1005 3947 1058 4051 per
1082 3947 1112 3983 se
1137 3928 1309 4000 intelligitur,
1334 3932 1438 4002 eqoltes

529 4163 579 4238 m)
597 4167 696 4222 M‘lm'·
714 4169 782 4222 ΑΜ
801 4169 817 4222 Ι·
836 4168 854 4222 l·
1508 4209 1554 4266 ¹⁰²>
1574 4203 1645 4257 citas
1662 4203 1780 4273 lapidem
1800 4221 1859 4257 cum
1878 4204 1931 4259 bac
1949 4207 2029 4261 inser.
2048 4208 2140 4260 nescio
2160 4206 2231 4260 unde
2245 4205 2359 4261 Casestb.
2377 4207 2413 4260 ad

533 4274 579 4342 ¹⁰³)
599 4270 708 4342 lnmpr.
734 4271 836 4327 Comm.
858 4277 890 4338 l,
915 4276 940 4330 l.
985 4272 1186 4345 Cooptstus
1210 4276 1281 4330 inter
1306 4276 1439 4331 trossulos
1540 4274 1656 4358 Capitol.
1676 4272 1716 4327 Μ.
1735 4273 1797 4326 Ant.
1822 4273 1868 4358 pls.
1887 4277 1913 4329 o.
1949 4274 1978 4329 lu
2001 4277 2186 4348 Smligerinno
2211 4277 2246 4331 ad
2272 4277 2415 4330 Gruterum

562 4340 688 4410 princeps
706 4343 850 4398 iuventutis
870 4351 919 4398 est
1540 4343 1629 4396 indice
1646 4351 1736 4396 autem
1755 4344 1799 4411 qni
1819 4352 1917 4397 citatur
1935 4344 2028 4412 locus,
2048 4364 2143 4401 errore
2161 4355 2188 4418 tp
2201 4344 2361 4418 sogrnpbtco
2379 4347 2416 4400 ita

532 4444 579 4512 m)
598 4459 625 4495 v·
644 4450 700 4496 nm.
719 4443 762 4498 94.
1539 4412 1673 4466 indicatus
1692 4420 1749 4479 est,
1771 4421 1799 4466 ut
1819 4430 1879 4467 eum
1899 4413 1944 4468 diu
1964 4433 2098 4486 quaerens
2116 4434 2170 4470 nou
2199 4417 2346 4468 nvenerim.

533 4548 580 4615 m)
599 4546 654 4600 mo
675 4545 724 4611 7¹,
748 4545 790 4602 35·
826 4551 871 4603 m,
894 4551 1034 4624 πρόχρηος
1057 4552 1102 4618 τῆς
1125 4551 1241 4610 ,mm
1265 4551 1440 4623 mmmm
1507 4517 1561 4638 ’Ἴ
1575 4513 1605 4570 C.
1625 4525 1652 4570 et
1667 4515 1700 4570 L.
1720 4515 1884 4571 (laesoribus
1903 4527 2075 4588 praematura
2099 4528 2187 4573 morte
2205 4519 2344 4572 exstinctis
2363 4535 2416 4572 uos

563 4617 876 4762 prmo
975 4621 1325 4692 ονοοοοο)
1340 4626 1438 4697 οπο
1539 4585 2418 4740 ,ttttninscrtum„tttt‘tntumt‘ut

1539 4725 1587 4780 secl
1613 4725 1797 4780 Germontcus.
1835 4724 1890 4780 Or.
1910 4745 1951 4796 ep.
1971 4745 2004 4780 es
2025 4726 2114 4779 l‘outo
2133 4727 2166 4793 ⁶2,
2191 4729 2222 4794 5,
2247 4732 2289 4784 lt.
2353 4729 2416 4780 tiam

532 4791 580 4859 ¹⁰⁸)
598 4789 697 4843 Zonar.
719 4790 760 4856 to,
778 4788 821 4844 at.
840 4805 865 4859 p.
884 4789 936 4844 5att
955 4792 986 4844 Α.
1023 4790 1089 4846 Por.
1109 4809 1133 4862 p.
1153 4795 1204 4848 tot
1222 4792 1258 4846 Β.
1278 4792 1346 4848 l'en.
1365 4792 1437 4848 barud
1538 4793 1626 4848 'litum
1644 4805 1757 4865 accepta
1776 4796 1914 4850 tribunicia
1931 4803 2068 4866 potestate
2082 4797 2195 4850 desilsse
2215 4797 2360 4867 principem
2379 4799 2417 4849 ln·

564 4858 643 4912 dubie
661 4858 757 4913 Dionis
782 4859 869 4912 locum
897 4858 1067 4928 deperditum
1093 4869 1216 4916 secutus:
1242 4865 1279 4935 spi
1296 4867 1327 4916 δ’
1348 4867 1438 4933 {quiris
1538 4866 1658 4918 ventutis
1677 4865 1822 4936 appellari,
1849 4867 1978 4919 observat
1999 4864 2103 4918 Eclslrel
2125 4866 2189 4919 vm
2213 4885 2238 4936 p.
2257 4867 2344 4922 aton.
2372 4867 2417 4934 qui

563 4930 614 4980 lus
637 4929 787 4982 dedimus
812 4929 945 4984 dunestor
969 4932 984 4984 d
1004 4933 1167 5002 Αὔγουστος,
1196 4935 1222 4989 n
1239 4934 1298 4990 soris
1324 4937 1438 5002 ἐφήβους
1538 4943 1690 4989 ceterorum
1742 4951 1832 5004 uoque
1861 4935 2010 5005 principum
2042 4936 2186 4990 iuventutis
2218 4934 2369 5004 catalogum
2402 4951 2419 4987 e

565 4997 609 5050 τὺ
629 5003 715 5052 Pa'lor
737 5001 822 5064 Ιταξε,
849 5002 894 5053 lsai
917 5005 944 5057 ic
968 5001 997 5055 td
1020 5003 1204 5078 βουλευτήριον
1228 5002 1285 5073 ἅμα
1312 5007 1436 5076 ἐσήγαγε,
1537 5006 1650 5058 nummis
1669 5020 1721 5058 con
1733 5005 1793 5059 ecll.
2221 5035 2222 5040 ¹
2242 5021 2248 5042 ·’
