5230 6182
145 4292 149 4300 ,
234 4256 259 4289 ³²
290 4251 361 4318 App.
382 4248 466 4302 B.C.
486 4253 707 4316 1‚u2‚35‚37.
1247 4251 1291 4303 Su

229 782 479 883 corruptionis
513 781 727 884 suspicione
762 783 910 882 equites
942 784 1222 884 indicasse,³¹)
1249 785 1439 864 tamenin
1471 785 1531 862 bis
1566 809 1649 862 eum
1685 813 1837 866 caussae
1871 795 2126 894 magianum,

228 923 336 998 quum
371 899 542 986 veritatis
575 899 759 976 rationem
793 901 970 978 habuisse
1006 912 1045 977 et
1069 902 1235 1002 Appiani
1268 902 1524 979 testimouium
1559 901 1687 996 docet,
1706 907 1756 1006 32)
1791 918 1830 983 et
1855 933 1904 1004 ex
1930 912 1996 1006 iis,
2031 939 2125 1014 quae
2156 951 2158 956 ·

225 1028 362 1119 postea
387 1013 619 1110 acciderunt,
658 1020 901 1120 perspicitur.
953 1023 1219 1099 crescentibus
1245 1030 1369 1094 autem
1404 1020 1445 1095 in
1470 1020 1552 1096 dies
1578 1021 1795 1117 discordiis,
1830 1026 1883 1101 ito
1909 1039 1951 1102 ut
1976 1055 2000 1104 a
2023 1031 2126 1106 civili

225 1138 328 1214 bello
366 1161 441 1212 non
473 1137 605 1235 procul
638 1138 834 1229 abessent,
871 1138 1166 1238 viderenturque
1201 1137 1306 1237 qussi
1338 1136 1501 1212 numinis
1535 1136 1727 1214 cuiusdam
1759 1141 1817 1216 ira
1854 1155 1983 1221 contra
2020 1148 2125 1250 ipsos

226 1253 424 1344 concitari,
459 1253 523 1352 qui
548 1277 624 1329 una
648 1254 843 1352 hucusque
877 1255 1090 1330 saevierant
1119 1255 1161 1330 in
1186 1253 1423 1355 provincias,
1456 1253 1542 1330 fieri
1567 1280 1643 1330 non
1668 1258 1808 1354 potnit,
1837 1261 1933 1358 quin
1960 1265 2125 1363 equitum

228 1392 373 1468 quoque
400 1367 511 1446 binae
531 1379 659 1470 partes
680 1381 821 1463 essent,
848 1371 1080 1470 quibusdam,
1106 1381 1149 1446 ut
1169 1395 1283 1471 supra
1303 1370 1463 1462 ostendi,
1490 1395 1573 1446 cum
1593 1372 1788 1450 nobilitate
1810 1378 2125 1487 iacientibusffl)

226 1485 419 1586 plerisque
445 1487 631 1562 nobilitati
656 1487 819 1562 infestis.
861 1489 984 1586 Atque
1006 1488 1104 1562 haec
1121 1512 1253 1562 caussa
1272 1497 1342 1579 est,
1370 1488 1470 1584 quod
1483 1487 1609 1580 Sulla,
1628 1491 1764 1580 „homo
1791 1519 1812 1566 a
1837 1498 1969 1595 populi
1995 1525 2127 1579 caussa

226 1602 502 1680 remotissimus
529 1613 569 1679 et
594 1603 761 1703 equestri
787 1603 909 1680 ordini
936 1603 1140 1695 offensus“,
1166 1613 1363 1704 postquam
1390 1629 1484 1703 „pro
1506 1604 1571 1678 illa
1596 1607 1798 1682 acerbitate
1825 1615 2124 1716 proscriptionis,

228 1744 300 1819 qua
321 1743 411 1800 usur
434 1730 497 1796 est
512 1720 551 1795 in
573 1730 725 1796 veteres
747 1719 928 1811 iudices“‚
956 1746 1050 1821 „pro
1069 1720 1136 1796 illo
1159 1721 1258 1814 odio,
1284 1722 1383 1819 quod
1404 1721 1536 1796 babuit
1560 1721 1599 1796 in
1626 1735 1837 1821 equestrem
1864 1730 2124 1836 ordinem“,³³)

227 1857 261 1910 n.
286 1836 337 1909 83
364 1860 397 1911 a.
423 1837 511 1916 cur.
537 1862 574 1911 n.
600 1839 684 1912 solo
710 1837 821 1912 MDG
848 1835 992 1936 equites
1017 1836 1226 1929 interfecit,
1245 1837 1294 1938 34)
1327 1839 1444 1912 multo
1471 1839 1601 1938 plures
1635 1841 1735 1917 bello
1762 1843 1960 1923 universo:
1979 1850 2027 1949 35)
2062 1877 2125 1926 se-

227 1964 364 2050 quente
391 1978 488 2028 anno
514 1963 705 2028 trecentos
731 1951 877 2050 equites
903 1951 942 2026 in
968 1965 1138 2030 senatum
1165 1954 1268 2054 legit,
1296 1957 1364 2030 sed
1385 1969 1423 2034 ta
1442 1974 1505 2034 nav
1526 1969 1658 2058 ἀριστων
1679 1961 1877 2060 turtur,³⁰)
1904 1963 1928 2037 i.
1952 1991 1984 2039 e.
2007 1993 2028 2041 e
2055 1993 2124 2043 no·
2154 2057 2157 2063 ¹

167 2151 169 2158 ¹
228 2068 357 2144 billum
383 2069 493 2160 liliis,
528 2069 710 2166 aquibus
738 2068 879 2162 diserte
906 2068 1185 2170 distinguuntur
1210 2083 1241 2151 oi
1261 2086 1451 2170 καλούμενοι
1473 2085 1595 2164 torosa,
1612 2072 1661 2171 ³³)
1695 2074 1719 2148 i.
1747 2102 1779 2151 e.
1808 2079 1871 2176 qui
1897 2106 2012 2157 censu
2039 2096 2126 2160 sunt

229 2186 388 2283 equites.
433 2185 580 2260 Eodem
606 2210 704 2259 anno
725 2184 832 2280 Sulla
853 2185 1061 2262 Praeneste
1089 2189 1296 2280 obsidente,
1325 2188 1627 2286 Samnitibusque
1653 2189 1860 2292 improviso
1887 2197 2028 2297 impetu
2056 2215 2124 2302 op—

228 2301 393 2402 primere
419 2302 551 2375 urbem
577 2301 733 2374 Romam
760 2301 991 2394 conantibus,
1024 2304 1172 2380 obviam
1200 2307 1257 2381 his
1283 2305 1435 2381 iverunt
1459 2304 1617 2379 iuvenes
1644 2306 1788 2382 nobiles
1815 2311 1940 2410 Appio
1968 2317 2125 2395 Claudio

229 2419 324 2494 duce
351 2405 469 2518 (Plut
498 2419 590 2494 Sull.
617 2417 680 2510 29,
705 2416 837 2494 Drum.
864 2418 901 2508 2,
927 2444 964 2516 p.
991 2417 1084 2517 tuo)
1110 2421 1311 2519 iidemque,
1341 2420 1374 2496 si
1401 2420 1489 2518 quid
1516 2421 1650 2515 rideo,
1666 2423 1705 2500 in
1731 2424 1864 2500 funere
1891 2429 2020 2507 Sullae
2045 2444 2125 2510 tur-

230 2535 358 2610 matim
385 2536 630 2612 decurrerunt
655 2533 772 2633 (App.
798 2519 845 2606 B'.
873 2535 915 2609 G.
946 2533 979 2626 l,
1016 2533 1109 2628 1⁰63
1142 2539 1191 2611 cf.
1217 2539 1242 2610 l.
1268 2537 1338 2614 Ill.
1367 2563 1398 2612 c.
1423 2538 1460 2630 3,
1487 2539 1525 2636 §.
1550 2539 1603 2638 3).
1657 2542 1797 2616 eontra
1822 2543 1983 2638 Marius,
2019 2551 2125 2628 cuius
2216 2625 2219 2647 ι

229 2661 358 2752 partes
393 2651 484 2726 ordo
519 2661 695 2749 equester
728 2651 971 2748 sequebatur,
990 2649 1039 2748 38)
1074 2677 1124 2726 ex
1157 2679 1229 2751 quo
1263 2653 1392 2728 effecit
1416 2654 1678 2733 Antisenatum
1711 2681 1819 2734 sunm
1845 2661 2055 2762 Sulpicius,
2074 2669 2123 2769 ³⁹)

228 2791 306 2845 uon
329 2791 471 2869 paucos
498 2766 644 2865 equites
669 2765 829 2843 traditur
854 2767 1062 2859 necavisse,
1081 2766 1130 2865 ⁴⁰)
1156 2770 1256 2844 haud
1283 2771 1394 2846 dubie
1422 2797 1500 2862 eos,
1519 2774 1590 2869 qui
1616 2796 1698 2858 cum
1725 2776 1911 2852 nobilibus
1938 2782 2127 2865 coniuncti

230 2895 370 2976 essent,
395 2893 438 2959 ut
464 2883 506 2957 G.
532 2881 598 2959 ille
624 2881 879 2975 Numitorius,
898 2883 946 2981 ⁴¹)
984 2905 1081 2958 unus
1108 2907 1158 2958 ex
1182 2885 1348 2986 posteris
1373 2888 1421 2987 Q.
1447 2887 1651 2965 Numitorii
1675 2890 1789 2983 Pulli,
1814 2893 2125 2994 Fregellanorum

228 2999 432 3101 principis,
466 2999 529 3097 qui
555 3024 587 3075 a.
617 2999 693 3074 125*
716 2998 882 3098 praetori
907 3000 955 3074 1..
982 2998 1154 3100 Opimio,
1190 3002 1232 3076 G.
1261 2999 1424 3078 Gracchi
1450 3005 1679 3096 adversario,
1708 3008 2001 3089 coniurationem
2029 3018 2124 3091 Fre-

229 3118 461 3216 gellanorum
482 3115 747 3216 aperuerat,⁴²)
775 3113 953 3214 cuiusque
975 3115 1054 3191 filia
1068 3115 1121 3188 Μ.
1137 3115 1300 3191 Antonio
1315 3118 1475 3210 Cretico,
1503 3120 1586 3194 viro
1607 3121 1852 3216 nobilissimo,
1879 3132 2124 3231 nupserat.⁴³)

230 3233 292 3327 Ad
317 3257 414 3332 quae
439 3231 472 3306 si
499 3231 689 3308 addideris
717 3235 932 3333 exemplum
958 3232 1213 3332 Octaviorum,
1241 3232 1405 3308 familiae
1432 3235 1630 3331 equestris,
1656 3239 1724 3313 sed
1749 3241 1936 3318 nobilibus
1964 3245 2125 3341 deditae,

225 3335 391 3448 denique
408 3349 591 3449 *Pompeii
610 3349 751 3448 Magni,
777 3351 840 3446 qui
868 3372 983 3448 eques
1005 3349 1196 3426 Romanus
1223 3373 1319 3446 equo
1344 3376 1394 3451 p,
1421 3349 1550 3424 Sullae
1577 3355 1622 3426 ab
1647 3353 1755 3429 initio
1782 3357 1865 3449 furit,
1891 3371 1979 3460 post
2005 3360 2126 3440 Grac·
2211 3425 2213 3429 .

231 3463 322 3544 chos
356 3465 408 3540 ita
442 3465 611 3540 ordinem
645 3471 857 3562 equestrem
882 3464 1073 3564 intelliges
1100 3466 1261 3541 divisum
1288 3465 1427 3557 fuisse,
1464 3477 1508 3540 ut
1533 3467 1591 3542 vis
1618 3465 1761 3547 ordinis
1788 3484 1898 3572 atque
1926 3482 2126 3558 auctoritas
2245 3555 2248 3562 .

232 3591 335 3658 esset
367 3605 486 3682 penes
518 3581 738 3680 publicanos
773 3581 1000 3674 iudicantes,
1035 3581 1103 3656 sed
1130 3591 1232 3658 esset
1264 3582 1303 3657 in
1337 3580 1515 3656 centuriis
1548 3585 1709 3660 maxime
1745 3589 1911 3686 equitum
1944 3597 2126 3690 quaedam

231 3722 339 3798 pars,
380 3719 474 3795 quae
513 3699 698 3772 nobilitati
732 3701 899 3790 faveret,
939 3723 1022 3772 cum
1056 3721 1173 3796 eaque
1214 3699 1404 3797 sanguinis
1439 3698 1591 3777 vinculo
1632 3713 1734 3776 arcte
1776 3705 1971 3782 coniuncta
2013 3724 2125 3789 esset

144 3847 153 3863 ·
232 3813 362 3905 Haec,
398 3840 472 3911 quo
497 3814 628 3914 plures
653 3817 745 3889 novi
770 3814 941 3891 homines
968 3826 1007 3890 et
1031 3824 1120 3915 post
1145 3813 1358 3889 iudiciarias
1384 3815 1489 3915 leges
1525 3827 1564 3891 ct
1596 3843 1666 3917 per
1699 3820 1799 3894 bella
1832 3821 1957 3898 civilia
1990 3852 2127 3905 nomen

234 3927 400 4026 equiturn
427 3931 498 4004 sibi
525 3940 784 4031 sumpserunt,
819 3931 882 4006 vel
909 3942 1091 4007 venerant
1116 3928 1228 4006 etiam
1261 3930 1301 4008 in
1334 3930 1521 4008 centurias
1548 3931 1734 4032 equitum,
1769 3962 1814 4011 eo
1840 3937 2058 4040 diligentius
2084 3971 2126 4021 se

175 4225 178 4232 .
235 4185 258 4219 ³¹
286 4157 318 4233 in
337 4179 417 4233 Ver-r.
438 4183 463 4245 l,
483 4134 532 4245 13}
552 4181 634 4234 disin.
653 4161 745 4243 c.'13;
763 4180 865 4236 Αειοιι
883 4179 920 4234 ad
938 4178 1116 4248 utrumquol.
1248 4179 1443 4300 appellatl,
1471 4169 1576 4249 utque
1600 4182 1640 4235 ob
1665 4184 1739 4237 eius
1768 4187 1820 4240 rel
1848 4188 2016 4244 invidiam
2045 4205 2127 4262 post

1314 4248 1424 4303 lanam
1447 4251 1639 4304 victoriam
1662 4262 1760 4306 crant
1779 4255 1973 4312 interlecti.
2011 4261 2053 4314 lle
2073 4263 2125 4318 dis·

234 4321 291 4388 aaa)
311 4319 346 4371 cl.
364 4315 410 4370 lib.
428 4315 448 4384 l,
466 4325 533 4370 extr.
1248 4319 1420 4386 crepantibus
1438 4317 1627 4374 historicorum
1647 4322 1681 4392 de
1700 4339 1811 4377 numero
1828 4327 1978 4382 occisorum
1996 4335 2126 4388 narratio·

235 4391 272 4459 ³³)
291 4389 347 4443 Cic.
375 4404 425 4458 pro
444 4383 548 4440 Cluent.
567 4389 616 4449 aar
646 4388 680 4440 cl.
700 4388 937 4456 plicarentur.
959 4387 1001 4442 48.
1032 4387 1150 4442 Videant
1248 4387 1326 4440 nibus
1344 4405 1370 4440 v.
1389 4387 1574 4444 Drnmannum
1592 4390 1624 4458 2,
1647 4391 1708 4447 ua.

269 4459 428 4528 (optimates
445 4455 562 4522 Sullani)
582 4471 617 4508 ne
635 4463 713 4524 turpe
731 4459 912 4526 ruiserunrque
929 4458 980 4522 sit,
1004 4473 1067 4522 ons,
1092 4457 1149 4526 qui
1213 4460 1251 4527 ³⁶)
1269 4459 1340 4526 App.
1360 4457 1377 4510 l.
1396 4458 1413 4510 l.
1434 4460 1492 4514 10⁰.

270 4536 472 4598 equestrem
486 4523 715 4594 splendorem
734 4525 831 4578 iocre
856 4541 919 4580 aon
938 4534 1149 4595 potuerunt,
1213 4529 1249 4598 ³²)
1268 4527 1302 4602 ib.
1321 4529 1364 4582 95.

268 4597 343 4651 servi
359 4595 513 4664 nequissimi
532 4593 830 4648 dominationem'lerrc
848 4611 939 4664 posse
1213 4598 1250 4665 ³⁸)
1267 4594 1433 4649 Scholanon.
1456 4595 1492 4648 ad
1516 4613 1556 4650 cr.
1582 4614 1624 4667 pr.
1648 4596 1750 4653 Roscio
1774 4602 1864 4655 Aruer.
1891 4607 1939 4659 47³
1969 4621 2030 4676 pro
2057 4605 2126 4662 Ma·

236 4665 273 4734 ³⁴)
291 4669 361 4735 App.
380 4664 416 4720 B.
435 4665 465 4720 G.
487 4665 510 4730 l,
529 4667 572 4720 95.
1246 4665 1345 4719 rinna
1362 4673 1479 4734 parta,
1505 4683 1569 4736 pro
1588 4669 1767 4736 equitibus
1784 4673 1952 4728 Romanis.

236 4737 274 4804 ³³)
293 4735 328 4788 lb.
349 4735 406 4790 lua.
444 4735 500 4788 Cic.
519 4733 612 4805 fragm.
631 4749 671 4784 or.
690 4729 716 4784 in
736 4740 790 4802 tog.
809 4732 889 4786 caud.
926 4732 974 4786 Ab
993 4734 1150 4802 equestrl
1213 4736 1250 4802 ³⁹)
1270 4733 1342 4786 l‘lut.
1360 4733 1437 4788 Sulla
1451 4734 1477 4787 8.

271 4804 524 4873 ordino‚quem
543 4800 759 4858 trucidasti?
789 4802 825 4855 ad
844 4802 1029 4886 quenulocuur
1049 4805 1149 4858 Aaron
1213 4807 1237 4908 :⁰
1268 4806 1339 4888 pipp.
1357 4801 1393 4858 B.
1412 4802 1442 4856 C.
1463 4807 1487 4869 l,
1506 4806 1547 4860 71.

271 4877 365 5000 dibiros
384 4868 660 4998 gardtdiaqquiiddr
672 4871 847 5006 (iiddom,
872 4869 1149 5010 gripquqrpsuoppq:
1214 4879 1251 5010 ⁴i)
1269 4871 1379 5004 ¹(diemde
1396 4943 1498 4996 invent.
1517 4931 1544 5007 i,
1562 4942 1606 5007 dl,
1627 4946 1677 5001 105
1746 4993 1749 4998 .

273 5015 397 5070 eunius
424 5009 641 5066 abstulerat:
672 5027 712 5066 ex
734 5025 801 5083 quo
826 5011 1021 5066 saecularii
1048 5018 1150 5066 erant
1214 5014 1251 5082 ⁴³)
1270 5011 1326 5065 Cic.
1344 5010 1464 5084 Philipp.
1482 5015 1518 5079 3,
1533 5016 1564 5078 o,
1585 5016 1625 5068 ll.

1548 5105 1708 5170 .4,
