5254 6186
19 176 38 442 l

16 470 26 611 pl

10 918 20 1123 ι

11 1164 89 1552 ι,

1033 708 1207 822 Gap.⁸
1237 721 1353 804 Ill.

569 876 718 960 Bella
755 877 944 960 civilia
979 901 1006 959 a
1035 875 1188 960 Sulla
1223 900 1390 984 usque
1419 876 1481 960 ad
1510 880 1820 992 Augustum.

262 1062 295 1136 1.
331 1034 499 1138 Duabus
525 1087 643 1161 usque
669 1063 714 1138 ad
741 1065 812 1138 boo
837 1073 983 1162 tempus
1010 1060 1308 1137 contentionibus
1334 1061 1506 1139 civilibus
1525 1064 1740 1165 respublica
1765 1007 1933 1140 Roniauo
1958 1083 2139 1140 concussa

256 1179 399 1273 fuerat,
433 1189 561 1255 vetare
588 1181 652 1256 illa
677 1179 775 1256 inter
807 1177 985 1281 patricios
1018 1190 1058 1256 at
1082 1180 1277 1279 plebeios,
1305 1190 1344 1255 et
1368 1179 1511 1257 recenti
1537 1181 1636 1258 iuter
1669 1183 1815 1258 nobiles
1850 1193 1888 1257 et
1922 1183 2136 1281 populures.

257 1297 424 1398 Quarum
456 1307 612 1397 utraque
646 1299 691 1372 ab
726 1299 843 1374 altera
875 1297 986 1396 plone
1020 1295 1178 1372 diversa
1203 1297 1285 1371 fuit.
1337 1297 1432 1373 Nam
1458 1297 1534 1373 lllir
1567 1300 1798 1401 temporibus
1833 1298 1974 1376 ordinis
2012 1309 2140 1373 contra
2172 1365 2177 1378 .

258 1414 428 1491 ordinem
453 1427 640 1490 certamen
665 1416 806 1512 fuerat,
840 1439 959 1513 neque
986 1412 1235 1514 singulorum,
1269 1424 1311 1488 ut
1337 1426 1442 1492 eraut
1468 1416 1550 1492 eius
1585 1417 1716 1493 aetatis
1742 1415 1885 1508 mores,
1923 1416 1992 1490 sed
2018 1412 2140 1489 cuncti

256 1532 399 1612 ordinis
425 1532 617 1608 commoda
642 1535 856 1632 agebantur,
883 1541 1035 1629 eratque
1063 1531 1154 1606 ordo
1180 1543 1337 1629 uterque
1363 1532 1526 1632 coniugii
1547 1535 1832 1632 commerciique
1859 1545 1962 1610 certo
1988 1531 2138 1606 vinculo

256 1661 296 1724 at
320 1648 536 1742 coniunctus
561 1649 660 1726 inter
683 1675 724 1725 se
746 1660 784 1724 ot
805 1652 850 1724 ab
872 1651 990 1724 altero
1012 1648 1229 1724 disiunctus.
1268 1648 1509 1726 Nobilitatem
1531 1662 1659 1726 contra
1679 1652 1774 1728 dnae
1795 1677 1857 1726 res
1880 1649 2137 1752 perdiderunt,

256 1766 393 1861 altera,
427 1767 525 1866 qdod
550 1767 631 1842 fere
659 1769 704 1842 ab
731 1769 863 1842 eodem
889 1776 1078 1866 tempora,
1113 1791 1185 1865 quo
1210 1766 1450 1867 patriciorum
1474 1766 1558 1844 iura
1588 1768 1735 1870 legibus
1761 1769 1917 1844 Liciniis
1950 1766 2138 1864 antiquata

218 1967 223 1977 ¹
257 1893 362 1977 aunt,
397 1909 480 1960 cum
505 1884 698 1960 nobilitate
725 1894 879 1964 exortus
906 1895 963 1960 est
988 1882 1123 1960 tertius
1149 1885 1260 1976 ordo,
1294 1909 1368 1960 non
1394 1884 1597 1960 bonoribus
1626 1887 1775 1984 quidam
1801 1888 1870 1962 sed
1903 1885 2036 1987 opibus
2070 1906 2137 1956 va-

254 2001 365 2094 lidus,
391 2027 461 2103 per
473 2000 665 2076 Gracchos
691 2011 815 2076 autem
840 2011 968 2076 contra
993 2001 1190 2102 optimates
1218 2002 1420 2100 excitatust
1447 2004 1576 2095 altera,
1603 2004 1713 2099 quod,
1740 2027 1852 2102 quum
1877 2004 1917 2080 in
1942 2002 2137 2102 magistra·

254 2119 355 2220 tibus
382 2131 490 2217 atque
507 2118 731 2210 bonoribus,
758 2141 833 2194 nou
857 2116 897 2194 in
922 2142 1080 2217 genere,
1106 2119 1279 2196 nobilitas
1299 2113 1426 2226 esset,
1452 2120 1493 2196 in
1517 2131 1648 2196 senatu
1673 2120 1758 2220 ipso
1783 2147 1858 2198 non
1883 2119 1993 2221 pauci
2020 2116 2137 2195 exsti-

253 2241 398 2329 terunt,
425 2235 487 2334 qui
513 2235 690 2310 nobilium
717 2259 883 2312 caussam
908 2235 1080 2335 populari
1106 2239 1384 2335 posthaberent.
1437 2236 1552 2314 Cuius
1577 2237 1634 2314 rei
1660 2240 1874 2339 exemplum
1899 2238 2010 2326 modo
2036 2260 2137 2313 com-

253 2365 497 2430 memoratum
523 2363 591 2428 est.
643 2351 793 2450 ltaque,
827 2376 938 2450 quum
964 2349 1121 2426 dissidio
1154 2367 1306 2430 senatus
1340 2355 1460 2456 ipsius
1487 2355 1605 2446 lacto,
1643 2379 1765 2455 neque
1792 2355 2024 2458 optimatium
2050 2376 2137 2428 scn-

255 2472 395 2550 teutiae
421 2471 586 2546 interae
613 2480 879 2568 congruerent,
919 2479 957 2544 et
982 2466 1122 2543 tribuni
1146 2468 1221 2546 iam
1256 2472 1320 2548 diu
1347 2470 1549 2548 desiissent
1573 2473 1704 2574 populi
1737 2473 1929 2550 commoda
1963 2495 2052 2547 suae
2078 2469 2137 2568 ip·

254 2581 379 2664 s'orum
414 2587 596 2664 voluntati
628 2608 881 2687 praeponere,
915 2587 961 2660 ab
987 2585 1158 2694 ordinum
1192 2588 1490 2665 contentionibus
1523 2591 1570 2666 ad
1604 2591 1755 2674 diversa
1787 2591 1977 2667 homiuum
2012 2584 2135 2662 studia

251 2944 297 3018 ab
324 2965 464 3030 eorum,
491 2939 553 3038 qui
580 2961 724 3039 quoque
749 2947 919 3037 ternpore
946 2937 1116 3014 civitatis.
1132 2939 1323 3040 principes
1349 2949 1487 3034 esseut,
1514 2953 1552 3018 et
1573 2944 1723 3020 fortuna
1743 2953 1782 3018 et
1803 2941 1968 3018 consiliis
1989 2961 2133 3040 pepen-

252 3059 407 3149 derunt,
440 3067 481 3134 ut
506 3055 661 3134 difficile
688 3054 740 3130 sit
763 3054 927 3154 equitum
953 3053 1146 3132 historiam
1171 3060 1217 3134 ab
1242 3058 1441 3134 universae
1468 3061 1578 3134 buius
1601 3059 1736 3134 aetatis
1763 3057 1920 3134 historio
1945 3079 2133 3158 separare.

251 3176 383 3274 Itaque
409 3175 455 3250 ad
482 3175 607 3250 odium
631 3172 794 3273 partium
818 3181 1056 3248 accesserunt
1089 3183 1129 3248 et
1153 3172 1362 3275 principum
1391 3199 1619 3274 quorumque
1644 3175 1859 3250 inimicitiae
1894 3184 1933 3249 et
1965 3168 2133 3270 urgentis

252 3293 343 3370 belli
367 3292 572 3370 necessitas
599 3301 639 3366 et
663 3286 821 3366 militum
848 3287 1141 3390 superbientium
1169 3291 1291 3368 studia
1317 3302 1355 3370 et
1380 3294 1514 3368 ducum
1539 3292 1780 3393 inexplebilis
1807 3291 1974 3382 avaritia,
1999 3313 2069 3363 nec
2094 3285 2134 3360 in

219 2683 237 2706 ‘
251 2705 463 2804 respublica
500 2703 675 2804 pervenit
713 2712 751 2778 et
789 2703 994 2780 fortissimo
1032 2701 1165 2800 cuique
1204 2715 1244 2778 et
1282 2705 1526 2784 audacissimo
1563 2708 1697 2807 paruit.
1763 2710 1982 2811 Quanquam
2020 2703 2135 2804 igitur
2255 2789 2257 2795 s

253 2823 363 2900 etiam
391 2848 461 2923 per
485 2823 668 2898 bellorum
694 2818 861 2896 civilium
887 2820 1047 2921 spatium
1074 2821 1260 2898 discordia
1286 2824 1455 2900 ordinum
1481 2825 1642 2918 duravit,
1669 2837 1794 2902 tamen
1819 2826 1950 2900 harum
1976 2831 2134 2898 eventus
2276 2913 2279 2922 A

248 3409 524 3516 proscriptione
550 3408 722 3498 Sullana,
757 3429 851 3505 quos
882 3405 1014 3508 populi
1048 3407 1230 3502 studium,
1264 3433 1358 3508 quos
1392 3408 1544 3484 divitiae
1578 3410 1831 3510 perdiderint,
1863 3409 1936 3484 iam
1962 3413 2133 3490 accurata
2200 3475 2203 3488 ,

250 3526 429 3628 distingui
453 3534 590 3626 potest.
626 3523 760 3600 ‘Nobis
793 3523 832 3598 in
867 3524 935 3597 bac
970 3549 1045 3599 non
1076 3524 1258 3625 temporis
1292 3527 1359 3600 sed
1386 3526 1548 3625 equitum
1576 3525 1730 3601 historia
1754 3550 1830 3600 non
1856 3526 1903 3599 de
1930 3521 2132 3610 bominum,

249 3645 318 3721 sed
343 3647 390 3722 de
417 3641 558 3719 ordinis
584 3642 752 3732 fortuna,
786 3664 894 3739 quam
921 3641 1004 3718 lieri
1029 3651 1173 3742 potest,
1208 3643 1428 3719 brevissime
1455 3643 1580 3719 dicere
1606 3642 1645 3716 iu
1672 3642 1793 3718 animo
1820 3653 1889 3718 est.

414 3762 450 3834 2
489 3761 593 3834 Mors
618 3756 735 3831 Drusi
760 3758 981 3858 iampridem
1005 3770 1217 3834 tumescens
1244 3761 1383 3840 bellum
1407 3760 1576 3836 Italicum
1603 3760 1801 3852 excitavit,
1825 3760 1851 3858 ¹)
1886 3781 2006 3856 eoque
2031 3777 2130 3828 novo

249 3873 475 3955 incrementa
501 3872 601 3974 cepit
626 3899 757 3950 caussa
781 3873 974 3952 nobilium.
1023 3877 1135 3952 Marii
1160 3875 1280 3976 gloria
1303 3889 1535 3970 senescente,
1563 3878 1691 3952 Sullae
1717 3878 1847 3954 laudes
1874 3883 2083 3952 creverunt.
2097 3869 2128 3970 2)

248 3992 383 4068 Varius
410 4020 477 4069 sua
510 3994 593 4094 lege
620 3994 813 4092 damnatus
840 4003 909 4066 est.
928 3993 957 4092 ³)
1010 3991 1117 4093 Quae
1141 4018 1253 4094 quum
1288 3994 1339 4068 ita
1365 4006 1511 4088 essent,
1546 3995 1670 4070 atatim
1696 3994 2035 4095 recuperandorum
2070 3988 2127 4064 iu-

246 4109 427 4186 diciorum
454 4113 499 4188 ab
526 4109 764 4210 optimatibus
790 4110 996 4209 periculum
1022 4112 1160 4188 sactum
1187 4121 1262 4204 est,
1298 4109 1401 4186 cuius
1427 4113 1484 4187 rei
1510 4111 1696 4212 duplicem
1721 4111 1904 4186 rationem
1938 4110 2033 4184 inire
2059 4131 2127 4220 po-

247 4236 417 4328 tuterunt,
452 4227 625 4318 alteram,
651 4252 759 4328 quam
786 4239 981 4304 secuturus
1007 4228 1155 4306 Drusus
1182 4230 1323 4322 iuerat,
1351 4240 1393 4306 ut
1418 4231 1592 4330 suppleto
1620 4254 1669 4304 ex
1695 4227 1881 4327 equitibus
1908 4236 2039 4300 senatu
2066 4249 2127 4297 se-

244 4344 434 4420 natoribus
461 4343 552 4420 solis
578 4342 715 4418 iudicia
739 4345 986 4438 traderentur,
1014 4347 1179 4439 alteram,
1206 4371 1253 4422 ue
1273 4371 1393 4446 penes
1415 4347 1516 4423 solos
1539 4356 1641 4422 certe
1664 4345 1808 4445 equites
1835 4353 2003 4445 potestas
2030 4338 2130 4414 iudi-.

247 4459 359 4540 triario
386 4473 506 4554 esset3
537 4461 703 4536 eiusdem
730 4469 836 4561 parte
863 4463 1019 4559 quadam
1046 4464 1157 4539 etiam
1183 4462 1318 4561 reliqui
1345 4464 1494 4539 ordines
1520 4464 1742 4564 potirentur.
1793 4463 1827 4536 E
1854 4461 1987 4560 quibus
2012 4457 2127 4533 ratio-

244 4579 353 4654 nibus
380 4581 473 4656 banc
498 4581 582 4656 iniit
601 4579 654 4654 Μ.
673 4577 845 4654 Plautius
867 4577 1055 4672 Silvanus,
1081 4581 1166 4681 lega
1192 4584 1279 4657 data
1305 4605 1336 4654 a.
1353 4579 1415 4674 89,
1443 4607 1517 4676 „ex
1544 4607 1616 4680 qua
1641 4580 1760 4656 tribus
1788 4579 1957 4688 singulae
1983 4599 2032 4652 ex
2057 4597 2126 4648 suo

247 4842 269 4910 1)
289 4837 382 4893 venel·
400 4839 426 4903 2³
447 4839 488 4893 ¹5·
1251 4841 1327 4927 ditare
1348 4840 1394 4895 aot
1415 4824 1557 4912 δυνάμεώς,
1585 4839 1708 4897 τοσοῦτον
1733 4841 1821 4910 alpaide
1839 4839 1953 4912 Μαρίου.
1989 4833 2023 4888 oi.
2049 4833 2123 4890 Plut.

246 4975 511 5048 Ι)1Ἰιιῑ.Μιιι.33.
546 4969 620 5038 abror
639 4979 654 5034 ὅ
671 4984 792 5053 πόλεμος,
817 4980 880 5037 ὅσον
897 4981 986 5053 Σύλλᾳ
1005 4981 1147 5056 προςέθηκι
1215 4981 1238 5049 ³)
1249 4909 1325 5034 iiia
1333 4913 1410 5034 grat
1429 4981 1473 5045 89,
1490 4979 1551 5036 ³05.

2183 4905 2219 4958 'O
