5254 6186
523 463 595 546 14

690 677 873 790 Vejoruin
907 694 1030 762 autem
1064 683 1297 786 oppugnatio
1328 683 1368 760 in
1401 682 1496 760 illud
1521 665 1654 760 incidit
1679 694 1849 784 tempus,
1888 705 1961 783 qno
1988 681 2173 758 erectiore
2199 680 2321 758 animo
2352 705 2422 758 au-

528 814 672 911 ctisque
704 806 848 882 viribus
882 815 1012 879 contra
1036 802 1215 903 patricios
1242 803 1517 900 consurgebant
1543 797 1705 900 plebeji,
1738 801 1778 876 in
1805 825 1924 899 eoque
1952 799 2174 891 certamine,
2208 823 2258 874 ex
2284 823 2356 896 quo
2382 799 2422 876 L

526 933 609 1008 fere
644 923 750 1002 annis
776 933 927 1023 postea,
962 921 1187 996 Consulatus
1222 917 1425 1019 participes
1452 916 1561 1008 facti,
1596 917 1814 1017 superiores
1841 927 2063 1007 eraserunt,
2096 941 2173 993 non
2198 917 2306 1016 parri
2341 941 2425 990 mo-

526 1044 644 1124 menti
670 1051 769 1133 erat,
808 1038 908 1138 quod
934 1038 1077 1112 bonore
1112 1035 1225 1110 etiam
1258 1034 1413 1111 militiae
1448 1034 1636 1133 equitibus
1671 1037 1942 1132 aequabantur,
1982 1057 2138 1132 quorum
2164 1058 2254 1132 pars
2288 1058 2425 1132 magna

527 1171 609 1240 erat
633 1156 810 1261 patricia,
850 1153 968 1229 ceteri
994 1179 1016 1226 a
1041 1151 1260 1228 censoribus
1288 1176 1337 1228 ex
1361 1151 1566 1226 earundem
1592 1149 1753 1250 partium
1781 1151 1894 1232 sociis
1921 1153 2190 1250 allegebantur.

692 1275 730 1351 4,
770 1274 896 1372 Quum
934 1280 1059 1344 autem
1098 1275 1236 1344 aerum*
1268 1267 1499 1368 equestrium
1539 1291 1794 1368 equorumque
1833 1268 2068 1370 publicorum
2106 1276 2233 1342 certus
2272 1265 2424 1365 quidam

528 1395 661 1472 modus
699 1413 951 1485 numerusque
985 1385 1211 1462 constitutus
1246 1396 1366 1477 esset,
1406 1394 1537 1460 contra
1568 1384 1862 1484 legionariorum
1896 1384 2061 1483 equitum
2101 1382 2300 1458 multitudo
2339 1385 2423 1459 iere

527 1507 724 1614 quotannis
752 1515 972 1606 augeretur,
1014 1498 1213 1600 interjecto
1240 1511 1409 1602 tempore
1445 1502 1585 1576 factum
1611 1526 1697 1577 esse
1725 1511 1902 1602 apparet,
1919 1511 1979 1576 ut
2004 1500 2105 1576 inter
2130 1511 2326 1598 equestres
2359 1527 2424 1577 co-

527 1630 611 1731 pias
637 1649 712 1702 non
738 1623 812 1701 nisi
838 1620 915 1696 rari
948 1618 1208 1696 invenirentur
1241 1619 1386 1718 equites
1412 1618 1585 1696 Romani.
1639 1615 1756 1719 Cujus
1781 1618 1840 1698 rei
1866 1617 2028 1718 vestigia
2057 1618 2239 1717 quaedam
2265 1643 2287 1692 a
2311 1615 2424 1694 Livio

527 1755 678 1822 servata
703 1739 843 1840 reperi.

692 1857 753 1933 De
780 1852 927 1958 proelio
955 1850 1053 1930 enim
1080 1877 1163 1926 cnm
1189 1851 1419 1927 Samnitibus
1446 1875 1468 1924 a
1493 1850 1569 1925 alo
1596 1876 1628 1944 a.
1649 1852 1737 1926 Chr.
1764 1877 1801 1928 n.
1828 1851 2027 1928 commisso
2052 1853 2078 1926 l.
2105 1852 2142 1944 9,
2169 1850 2251 1928 384
2279 1852 2426 1946 „Dimi-x

528 1989 663 2080 patum,
689 1972 821 2070 inquit,
849 1968 996 2072 proelio
1022 1969 1208 2065 utrimque
1235 1968 1354 2042 atroci
1380 1978 1491 2066 atque
1518 1969 1662 2058 incerto
1690 1979 1830 2043 eventu
1857 1981 1927 2062 est,
1954 1979 2102 2046 etcum
2129 1993 2268 2070 anceps
2289 1972 2426 2046 caedes

529 2096 683 2185 luisset,
719 2089 900 2166 adversae
927 2095 1052 2160 tamen
1077 2083 1135 2160 rei
1160 2085 1260 2159 fama
1286 2084 1325 2160 in
1350 2084 1541 2172 Romanos
1568 2083 1685 2160 vertit
1711 2086 1758 2159 ob
1785 2084 1943 2160 amissos
1978 2085 2204 2183 quosdam
2237 2087 2425 2186 equestris

529 2208 672 2288 ordinis
698 2205 941 2301 tribunosque
968 2200 1127 2276 militum
1154 2210 1264 2300 atquc
1292 2227 1406 2279 unum
1432 2203 1617 2306 legatum,
1645 2212 1701 2292 et,
1730 2202 1831 2300 quod
1857 2200 2004 2300 insigne
2030 2202 2192 2278 maxime
2218 2204 2309 2297 luit,
2335 2229 2427 2278 con-

529 2329 622 2404 sulis
649 2323 768 2424 ipsius
794 2323 969 2394 vulnus“.
1008 2315 1150 2393 Multos
1172 2316 1211 2391 in
1236 2317 1307 2392 bac
1332 2343 1458 2418 pugna
1488 2329 1687 2419 praeterea
1708 2318 1855 2414 equites
1885 2318 2080 2411 cecidisse,
2106 2343 2264 2419 quorum
2289 2330 2332 2394 ut
2356 2321 2429 2394 ho-

528 2445 668 2522 minum
703 2441 750 2514 de
773 2439 909 2538 plebe,
943 2430 1241 2533 jacturaletior
1260 2445 1365 2526 erat,
1406 2460 1456 2510 ex
1482 2436 1556 2510 alio
1589 2436 1674 2510 loeo
1709 2434 1917 2534 colligitur,
1940 2433 1988 2533 ⁰⁹)
2027 2434 2111 2528 ubi,
2151 2433 2349 2537 postquam
2386 2436 2429 2512 in

505 2586 653 2664 pugna
687 2557 738 2668 ad⁸
759 2551 993 2630 Placentiam
1027 2577 1060 2626 a.
1087 2550 1163 2624 219
1188 2561 1378 2628 trecentos
1414 2553 1561 2648 equites
1595 2552 1741 2626 occisos
1777 2577 1862 2627 esse
1897 2551 2011 2644 dixit,
2056 2554 2150 2628 baec
2183 2555 2306 2630 addite
2347 2535 2428 2631 Sed

528 2677 649 2775 major
673 2671 853 2748 Romanis
889 2693 998 2764 quam
1024 2692 1094 2768 pro
1119 2691 1277 2744 numero
1297 2665 1446 2768 jactura
1471 2668 1563 2755 luit,
1598 2669 1687 2762 quia
1713 2669 1901 2762 equestris
1929 2669 2071 2744 ordinis
2098 2669 2259 2766 aliquot,
2292 2681 2332 2746 et
2357 2671 2426 2746 tri-

529 2791 619 2868 buni
652 2787 811 2866 militnm
844 2785 1008 2881 quinqua
1043 2793 1083 2858 et
1107 2782 1293 2884 praelecti
1317 2784 1505 2859 sociorum
1530 2794 1609 2858 tres
1628 2784 1676 2884 ²⁰)
1711 2793 1798 2859 sunt
1823 2783 2025 2861 interlecti.
2060 2829 2109 2842 -
2145 2829 2193 2842 -
2247 2787 2427 2864 Venienti

528 2911 567 2986 in
593 2907 756 3007 Ligures
783 2900 1084 3016 Hannibali-per
1108 2899 1264 2978 insidias
1290 2900 1491 3000 intercepti
1518 2902 1592 2978 duo
1619 2911 1839 2996 quaestores
1866 2901 2026 2980 Romam
2058 2928 2143 2979 cum
2174 2904 2321 2981 duobus
2356 2905 2427 2980 tris

528 3025 638 3102 bunis
664 3021 822 3099 militum
849 3031 887 3096 et
912 3017 1077 3115 quinque
1104 3017 1290 3112 equestris
1319 3017 1480 3111 ordinis,
1515 3029 1790 3093 senatorum
1825 3021 1977 3094 ferme
2012 3018 2271 3096 liberis-
2300 3065 2347 3078 -
2376 3065 2424 3078 -

527 3144 762 3219 traduntur“.
815 3135 969 3212 Ordinis
996 3133 1183 3231 equestris
1211 3134 1380 3226 nomine,
1407 3136 1509 3230 quod
1535 3136 1583 3209 ad
1608 3135 1702 3208 baec
1727 3143 1899 3234 tempore
1923 3160 2000 3210 non
2027 3136 2210 3235 pertinet,
2238 3142 2307 3214 sed
2337 3137 2425 3213 inde

529 3286 552 3334 a
576 3254 761 3332 Gracchis
786 3255 937 3358 demum
962 3250 1133 3340 invaluit,
1160 3248 1307 3343 equites
1333 3274 1430 3346 equo
1457 3250 1609 3350 publico
1635 3250 1815 3351 intelligi,
1842 3262 1880 3328 et
1906 3278 1955 3328 ex
1981 3251 2041 3326 bis
2067 3251 2160 3327 locis
2187 3266 2356 3354 apparet,
2389 3263 2429 3328 et

528 3371 706 3450 disertius
733 3367 864 3442 dicitur
891 3366 960 3457 24,
1002 3364 1069 3457 18,
1109 3364 1153 3458 6,
1193 3363 1258 3440 ubi
1285 3365 1332 3442 de
1359 3391 1518 3447 censura
1545 3392 1577 3441 a.
1605 3369 1699 3459 214,
1721 3423 1722 3426 ,
1741 3389 1837 3464 quae
1864 3369 2037 3468 proxima
2065 3370 2189 3446 luerat
2213 3379 2301 3470 post
2329 3371 2427 3442 Gan·

527 3513 683 3567 nensem
709 3484 873 3576 cladem,
900 3507 1025 3558 sermo
1053 3491 1122 3558 est
1176 3479 1282 3572 „His
1310 3482 1643 3582 superioribusque
1669 3483 1745 3557 illis
1772 3483 1860 3576 equi
1886 3483 2043 3574 adema,
2077 3484 2156 3577 qui
2182 3484 2426 3587 publicum

529 3629 697 3702 equum
736 3601 998 3690 habebant,
1036 3597 1359 3694 tribuque‘moti,
1399 3600 1535 3675 aerarii
1571 3623 1699 3676 omnes
1727 3596 1828 3672 lacti.
1879 3597 2041 3693 Neque
2079 3602 2213 3676 modo
2257 3612 2428 3680 senatu

531 3783 951 3804 w

562 3899 646 3940 mum
671 3883 772 3951 equis
794 3899 932 3936 merere
960 3883 1103 3950 equites
1128 3889 1342 3950 coeperunt,
1370 3897 1439 3949 qnae
1542 3897 1650 3937 merere
1669 3881 1836 3938 dicebantur.
1867 3882 1909 3942 Gi.
1926 3883 2115 3940 Talnlleracl.
2135 3901 2192 3941 aar.
2210 3883 2300 3955 Nenp.
2320 3885 2364 3938 lin.
2385 3883 2426 3938 17.

562 3953 649 4008 verba
667 3953 692 4004 in
713 3955 830 4020 epitome
846 3951 967 4034 ejusdem
983 3951 1042 4004 libri
1054 3952 1092 4005 ita
1104 3959 1273 4020 repetuntur,
1293 3959 1318 4004 ut
1339 3969 1378 4034 eq
1386 3952 1440 4006 uis

563 4023 639 4076 suls
658 4037 793 4073 uterere
811 4027 940 4088 scr-aptant
959 4022 1001 4073 sit.
1020 4021 1066 4072 Sic
1084 4018 1133 4084 27,
1164 4020 1211 4085 lt,
1234 4019 1274 4073 13.
1300 4019 1440 4072 addide-

564 4099 644 4146 runt
662 4090 857 4146 acerbitati
876 4090 982 4144 etiarn
1001 4096 1155 4158 tempus,
1177 4107 1220 4143 ne
1239 4090 1442 4158 praeterita

563 4161 752 4230 stipendia
779 4159 1018 4230 procederent
1036 4159 1092 4223 lis,
1113 4161 1168 4226 qui
1185 4175 1273 4227 equo
1293 4159 1440 4228 publico

505 4247 507 4252 ’
564 4239 814 4294 emeruerant,
842 4229 903 4282 sed
932 4229 1024 4283 dena
1051 4229 1351 4297 stipendiaeqoia
1373 4229 1440 4297 pri·

562 4302 657 4353 vatis
675 4299 847 4352 lacerent.
877 4297 1035 4367 Magnum
1055 4306 1247 4366 praeterea
1265 4312 1440 4351 nnmerum

545 4367 876 4436 ¹conquisiverunt,
928 4369 958 4420 ui
978 4383 1067 4436 equo
1094 4384 1231 4420 merere
1257 4367 1440 4432 deberent,

562 4438 590 4492 b.
610 4453 633 4490 e.
653 4452 722 4503 equo
742 4435 856 4504 privato.
920 4454 963 4489 ant
983 4437 1070 4506 pergit
1090 4445 1226 4504 „atque
1244 4453 1285 4488 er
1303 4437 1364 4504 iis,
1384 4438 1441 4505 qul

589 4505 748 4574 rincipio
771 4505 851 4574 ejus
869 4504 957 4558 belli
976 4505 1221 4577 septendecim
1240 4523 1350 4558 annos
1367 4507 1442 4560 aatl

562 4525 715 4640 inerant,
734 4591 846 4696 neugio
864 4575 1121 4640 militaverant,
1140 4593 1259 4634 omnes
1276 4577 1441 4628 aerarios

562 4648 760 4702 lecerunt.“
823 4644 917 4696 osdem
941 4654 1054 4699 coactos
1079 4645 1162 4698 sitisse
1183 4644 1300 4714 pedibus
1326 4662 1441 4710 merere,

561 4735 641 4786 quum
668 4716 772 4785 equites
790 4729 860 4781 equo
879 4713 988 4782 publico
1007 4723 1062 4770 tum
1081 4716 1213 4784 temporis
1232 4715 1309 4782 equis
1328 4714 1441 4784 privatis

562 4803 668 4840 uterere
700 4785 906 4846 datnnnrentur,
934 4799 969 4836 ea
997 4783 1119 4838 e'usdent
1148 4785 1187 4840 rei
1215 4786 1347 4840 ntctnoria
1369 4802 1385 4836 n
1406 4783 1442 4836 ud

562 4850 622 4909 lav.
641 4853 685 4920 21,
705 4854 747 4921 18,
765 4851 790 4906 6.
809 4851 973 4922 intelligitur.
1001 4801 1043 4905 lio
1062 4855 1143 4923 igitur
1160 4871 1242 4908 sensu
1262 4853 1355 4912 Livius
1375 4801 1441 4910 distr

560 4940 652 4993 equo
680 4940 834 4990 merere,
862 4940 916 4994 quo
939 4939 990 4976 suo
1014 4927 1139 4993 tempore
1166 4923 1308 4994 legionarii
1335 4923 1440 4992 equites

1542 3961 1569 4006 et
1587 3953 1642 4006 Cic.
1656 3971 1696 4007 or.
1708 3953 1779 4010 tun.
1800 3955 1824 4019 1,
1843 3953 1868 4006 S.
1898 3953 2110 4020 Quicunque
2128 3956 2291 4008 ordinent
2310 3955 2427 4018 duxit,

1537 4023 1689 4092 judicet.
1719 4024 1776 4087 ¹tlt,
1795 4025 1824 4074 si
1844 4020 2011 4086 ferretis,
2032 4021 2233 4090 quicunque
2252 4037 2339 4089 equo
2358 4039 2426 4074 me-

1544 4091 2425 4160 ruisset,quodestlautins‚netniniprobaretls.

1542 4159 1578 4212 Et
1592 4161 1629 4212 ita
1647 4161 1728 4212 etiam
1747 4160 1926 4230 negligentius
1939 4159 2080 4216 bltoeorob.
2094 4161 2203 4214 Satorn.
2218 4160 2246 4228 l.,
2265 4160 2290 4214 6.
2304 4161 2426 4230 quamvis

1542 4231 1577 4282 de
1597 4245 1688 4299 regum
1708 4237 1844 4296 tempore,
1863 4245 1917 4298 quo
1937 4230 2055 4284 noudum
2074 4229 2184 4286 luertrat
2202 4247 2263 4299 eqq.
2282 4244 2353 4298 ecquo
2372 4229 2426 4299 pri·

1541 4308 1615 4352 vata».
1652 4297 1705 4349 Alii
1725 4297 1816 4351 dicunt
1837 4329 1867 4339 —
1888 4297 2012 4354 Priscum
2030 4329 2065 4340 -
2083 4301 2246 4362 instituisse,
2275 4307 2302 4350 ut
2321 4300 2426 4367 patricii

1517 4367 1616 4428 ‚lrnlln
1634 4383 1718 4420 nitrea
1736 4385 1795 4422 cum
1816 4377 1894 4440 toga,
1914 4371 1957 4439 qui
1976 4386 2098 4440 purpura
2115 4368 2301 4439 praetexitur,
2320 4375 2426 4422 uteren-

1544 4444 1621 4502 tnr,.
1632 4435 1771 4490 dumtaxat
1795 4439 1849 4504 illi,
1878 4457 1992 4510 quornm
2017 4449 2110 4508 patres
2137 4437 2256 4490 eurttletn
2285 4445 2427 4506 gesserant

1543 4507 1746 4576 magistratum,
1772 4511 1872 4564 ceteris
1890 4519 1998 4574 sortem,
2028 4517 2056 4563 nt
2075 4513 2216 4576 praetexta
2240 4514 2342 4560 tantum
2369 4517 2425 4563 arte-

1544 4586 1652 4642 rentur,
1678 4577 1824 4642 indultum3
1853 4581 1903 4632 sed
1922 4576 2059 4646 usquead
2078 4592 2144 4640 eos,
2167 4591 2280 4642 quorum
2336 4585 2426 4630 rentes

1543 4664 1613 4716 equo
1631 4648 1768 4716 stipendis
1781 4647 1859 4718 justa
1877 4649 2046 4708 meruissent.
2083 4643 2117 4700 el.
2136 4639 2206 4701 Pus
2225 4643 2259 4703 lt
2307 4686 2314 4704 ,
2334 4645 2378 4714 33,
2399 4648 2424 4702 t.

1509 4752 1546 4819 ss)
1565 4749 1625 4806 lav.
1645 4749 1695 4815 21,
1724 4750 1774 4818 59,
1800 4751 1827 4810 9.

1511 4855 1546 4922 ¹0)
1564 4849 1653 4909 Etiam
1678 4853 1729 4909 lroa
1748 4853 1887 4906 liermtnos
1911 4847 1996 4906 luisse
2021 4856 2138 4904 testatur
2155 4849 2216 4910 Lis.
2235 4851 2286 4918 33,
2311 4849 2353 4908 id,
2390 4850 2423 4910 al,

1542 4919 1655 4976 Dueker
1672 4923 1710 4976 nd
1727 4921 1787 4978 Liv.
1807 4919 1856 4986 25,
1877 4919 1901 4974 l.
